4216 6014
195 554 197 558 ,
223 393 372 554 minoi
396 479 529 580 tulgane
554 359 851 557 tsmtdugldalssle‘
850 359 987 557 [1])έῖ
981 422 995 572 i
1025 363 1215 578 AMsaEeiiir
1225 363 1310 577 Ifilie
1332 361 1571 585 5}ss1&
1588 475 1664 578 filu
1681 388 1879 572 nai-isles,

225 586 354 680 quando
376 582 405 656 ε’
419 586 592 681 obbligano
618 586 653 655 in
678 588 773 658 alcen
807 609 962 658 mnteatto
974 614 995 675 ,-

224 686 304 775 e'so
329 689 434 759 buono
459 716 476 758 e
498 688 606 782 giusta
633 695 763 786 Legge.
789 690 912 784 Quum
934 715 994 762 ve·

225 794 267 862 rb
293 790 449 863 nubebat
473 789 583 862 alicui
610 787 769 873 femina,
809 818 881 866 non
909 819 993 867 con-

224 889 331 964 tinuo
358 889 488 973 fiebat,
516 908 556 965 ut
583 891 641 966 vir
667 897 846 966 Manlium
872 893 994 968 uxoris

225 990 521 1092 consequeretur3
559 992 617 1067 sed
651 1023 741 1096 opus
781 1016 856 1072 erat
882 1016 922 1071 ut
948 997 993 1070 il·

224 1093 311 1185 iud,
350 1112 390 1168 ut
417 1095 469 1169 ita
495 1096 635 1178 dicam,
670 1119 802 1175 emeret
837 1104 994 1174 aMun·

223 1196 358 1272 dualdo
385 1196 517 1298 priori,
545 1197 614 1271 slve
638 1200 669 1274 is
689 1220 809 1300 patet,
837 1201 907 1274 itte
926 1200 995 1275 ira·

224 1316 302 1381 ter,
340 1317 403 1374 aut
430 1298 521 1374 alius
548 1321 695 1400 agnatus
723 1303 844 1378 uxoris
879 1304 993 1403 esset3

1097 593 1141 661 θ’
1171 590 1290 683 somtet
1327 609 1394 662 tam
1419 589 1610 686 legitimae,
1645 592 1740 686 quint
1767 608 1882 660 natas-

1098 693 1205 779 ralet‚
1243 714 1300 788 pro
1336 693 1477 763 Manlio
1516 716 1620 761 eoram
1654 691 1775 762 tollant
1792 686 1882 783 filil

1096 797 1178 865 does
1200 815 1332 890 partes,
1359 794 1520 864 naturales
1544 797 1619 863 vero
1637 792 1767 864 tertiam
1789 813 1879 886 paee-
1931 815 1934 819 ·

1096 919 1179 968 tem.
1206 895 1313 991 Quod
1341 894 1517 970 noluerim
1543 892 1721 967 variantes
1738 916 1876 967 omnea

1097 997 1269 1071 lesiiones
1303 995 1457 1072 Codicis
1495 995 1640 1072 Estenfis
1665 993 1703 1068 in
1729 994 1876 1069 editio-

1097 1126 1177 1174 nem
1215 1107 1354 1200 Legum
1391 1096 1736 1200 Langobardicarum
1769 1099 1874 1171 Part.

1099 1205 1145 1276 IL
1173 1203 1285 1276 Tomi
1327 1205 1374 1275 ΙΙ.
1404 1207 1484 1276 Ret.
1522 1200 1678 1274 Italicae.
1704 1197 1873 1289 inserte,

1097 1302 1210 1378 adhuc
1238 1308 1316 1380 Lex
1343 1302 1404 1378 iiia
1430 1301 1677 1378 emendatione
1702 1298 1870 1402 indiget.

224 1417 333 1500 atque
360 1401 399 1476 in
426 1428 503 1476 eam
529 1428 605 1477 tem
634 1405 787 1502 pretium
826 1406 994 1480 concordi
1031 1400 1060 1472 B
1099 1410 1183 1480 Non
1203 1434 1307 1479 eorum
1326 1405 1545 1481 scribendum
1565 1403 1631 1484 est,
1651 1402 1706 1477 sed
1725 1420 1887 1490 earnm:

226 1507 415 1579 voluntate
442 1505 597 1604 partium
633 1505 866 1581 statuebatur.
912 1511 994 1581 Pre-

226 1606 322 1682 tium
376 1605 580 1706 hujusntodi
626 1612 757 1699 Meta,
801 1610 994 1702 Mepbium‚

226 1709 393 1782 Messium
418 1711 635 1809 appeliatum
664 1709 784 1786 videas
820 1714 859 1786 in
886 1710 995 1811 Legi·

227 1812 292 1885 bus
342 1810 661 1913 Langobardicis:
716 1840 823 1913 quam
869 1839 995 1888 vocem

226 1913 476 2014 Gloisogtapbi
512 1916 714 1987 donationem
750 1916 997 2012 sponsalitiam,

226 2020 283 2086 vel
332 2016 510 2112 nuptialem
555 2012 868 2116 interpretantur.
919 2021 997 2116 Ego

221 2117 449 2216 sponsalitiam
476 2115 596 2216 potius
623 2117 801 2194 arbitror:
831 2145 913 2193 narn
943 2117 999 2194 uti

228 2222 309 2296 Lex
349 2225 432 2317 178.
468 2220 504 2293 tc
541 2217 749 2322 subsequens
791 2220 899 2322 Regis
927 2226 998 2296 Ro

1096 1510 1605 1691 iiiiiesednidininiiinniimiit
1626 1502 1783 1678 sibiecuiti
1785 1524 1878 1678 12¹2

1095 1713 1175 1785 dem
1212 1706 1347 1784 Codice
1396 1706 1524 1781 Eiiensr
1564 1723 1683 1805 aperte
1727 1706 1878 1804 legitur

1096 1836 1153 1910 peo
1190 1810 1331 1883 Manlia
1355 1836 1481 1882 eatam.
1518 1804 1730 1882 Adhibenda
1772 1832 1876 1903 quo·

1097 1940 1166 2010 que
1207 1912 1253 1988 eii
1270 1911 1399 1985 'eadem
1440 1908 1613 1983 correbiio
1640 1905 1873 2006 praecedenti

1100 2014 1190 2116 Legi
1222 2022 1304 2090 160.
1331 2012 1394 2087 ubi
1421 2011 1574 2111 legitur:
1617 2015 1683 2081 Pro
1722 2010 1892 2103 Maudio⁸

1097 2139 1204 2191 autem
1247 2118 1364 2186 tollant
1408 2115 1573 2186 naturales
1616 2107 1691 2189 &a
1734 2104 1870 2207 Codex

1097 2215 1267 2292 Exiienfis
1295 2212 1471 2312 praefert,
1501 2236 1567 2311 ‘pro
1592 2212 1870 2286 Munditenentem

227 2321 340 2397 thatis
367 2320 535 2404 indicat,
563 2349 636 2422 quo
662 2324 720 2399 die
746 2326 917 2421 sponsalia
942 2351 1000 2398 ce-
1027 2301 1065 2380 (ἶ
1092 2318 1378 2415 suprascriptarum
1415 2317 1536 2388 tollant
1561 2313 1634 2394 &a
1676 2313 1763 2388 idest
1800 2318 1869 2390 So-

229 2425 475 2506 lebrabantut‚
501 2429 598 2496 Meta
617 2452 760 2524 quoque
779 2425 904 2516 statui,
928 2424 1000 2500 sae-
1095 2446 1237 2496 torum.

229 2524 369 2627 piiiime
395 2524 504 2599 etiam
533 2524 686 2624 persolvi
708 2526 914 2602 consuevit.
933 2525 999 2601 Sed

229 2628 326 2725 quod
372 2625 401 2701 ii
426 2625 659 2703 donationem
686 2646 847 2717 vocant,
892 2628 1000 2701 liccat

229 2728 339 2802 etiam
382 2729 560 2825 appellate
603 2726 774 2802 emtionis
823 2726 999 2830 speciem3

229 2855 312 2903 nam
341 2844 381 2904 ut
407 2826 604 2903 Matrinius
631 2825 671 2906 ὅ(
698 2827 840 2903 votius
859 2829 1001 2932 opinati

230 2931 333 3023 sunt,
371 2957 443 3005 vox
470 2935 591 3023 Meta,
632 2934 668 3006 &
696 2933 860 3005 Meebium
894 2959 914 3007 a
941 2937 999 3007 Sa·

230 3034 366 3110 xonico
393 3040 514 3106 Medeon
542 3033 696 3111 conflata
717 3034 878 3110 videtur:
906 3034 1000 3134 quod

1150 2526 1204 2597 At
1231 2518 1361 2595 mirum
1390 2517 1458 2592 tibi
1494 2517 1681 2605 videatur,
1716 2516 1868 2596 maritos

1099 2624 1143 2699 ad
1183 2621 1464 2718 conquirendum
1505 2620 1569 2694 fibi
1610 2646 1762 2696 uxorum
1791 2619 1871 2698 suti·

1099 2751 1177 2800 rum
1223 2726 1400 2796 Mundiam
1439 2723 1593 2823 erogasse
1642 2720 1869 2821 pecuniam.

1063 2832 1066 2837 ’
1099 2825 1229 2902 Mirari
1255 2824 1414 2905 desinas,
1442 2825 1503 2898 ubi
1530 2825 1726 2925 recogites,
1770 2850 1871 2901 nunc

1098 2933 1208 3006 etiam
1252 2925 1426 3030 plerisque
1467 2926 1637 3002 inlotis
1672 2924 1872 3004 samiiiatet

1099 3033 1166 3108 esse
1205 3029 1416 3105 donationes
1456 3027 1573 3102 caussa
1613 3028 1872 3128 nuptiaruma

229 3139 276 3213 est
303 3140 437 3210 mercede
461 3138 651 3213 conducere.
690 3138 756 3214 Sed
793 3135 864 3212 fite
890 3139 1001 3212 dona·
1101 3133 1189 3209 titis
1215 3132 1343 3207 fabian.
1371 3135 1489 3204 immo
1514 3133 1549 3203 dc
1577 3130 1667 3230 apud
1689 3130 1874 3229 antiquis·-

230 3242 286 3315 tio
313 3239 384 3316 stve
408 3238 525 3315 emtio
552 3240 688 3325 irretit,
727 3246 824 3314 Meta
849 3241 935 3315 haec
962 3240 1000 3314 in
1037 3222 1069 3292 ὓ
1098 3236 1204 3311 simos
1233 3235 1387 3336 Populos
1413 3232 1451 3306 in
1479 3231 1541 3305 usu
1568 3231 1692 3314 faite.
1726 3248 1767 3305 ut
1806 3232 1875 3311 vit

229 3346 350 3419 dotem
380 3342 542 3418 mulieris
562 3345 683 3418 cedere
702 3343 910 3433 consuevit,
929 3341 1000 3417 five

230 3444 267 3517 id
296 3446 484 3516 secunditm
512 3447 607 3542 leges
634 3445 751 3533 soret,
776 3443 848 3516 stuc
867 3470 911 3514 ex
930 3447 1000 3515 iat-

229 3542 371 3642 gitione
407 3540 539 3638 patris,
584 3541 760 3623 fratrum,
801 3542 1001 3615 aliorumve

230 3661 440 3742 agnatorum
468 3637 590 3714 fieret.
622 3641 734 3734 Quod
759 3637 784 3712 ii
812 3639 1002 3716 decedebat

228 3745 309 3825 vir,
348 3740 518 3841 pergebat
545 3740 651 3814 vidua
675 3740 745 3813 elie
770 3740 809 3813 in
838 3746 1000 3824 Manlia,

228 3846 299 3921 fine
334 3841 399 3917 sub
441 3841 611 3939 potestate
636 3842 761 3927 iliius,
797 3842 860 3942 qui
903 3842 999 3918 heres

227 3943 364 4023 marito
394 3962 495 4020 etat.
536 3947 603 4020 lua
643 3949 728 4021 verb
765 3946 811 4020 ad
851 3943 1000 4022 secunda

231 4067 318 4126 vota
359 4044 591 4138 transeunte,
632 4047 800 4125 secundus
828 4048 999 4140 maritus,

229 4151 477 4229 stMundium
513 4147 638 4224 uxoris
664 4149 761 4224 snum
800 4152 912 4226 iacere
938 4180 998 4228 cu-

231 4258 380 4361 piebat,
407 4272 449 4331 at
473 4248 521 4327 eii
547 4251 585 4327 in
612 4256 710 4354 Lege
754 4259 835 4328 ¹82.
864 4254 1000 4328 notha-

230 4363 301 4445 tis,
327 4364 366 4431 de
386 4359 457 4453 suis
479 4355 619 4455 propriis
642 4358 735 4429 rebus
760 4355 898 4427 medium
926 4378 999 4453 pre-

230 4463 294 4551 tii,
321 4485 476 4559 quantum
496 4461 599 4552 suerit
615 4457 757 4551 dissum,
784 4460 911 4555 pando
932 4487 999 4530 earn

227 4563 351 4656 primus
376 4565 512 4634 maritat
533 4563 722 4659 sponsavit,
745 4583 804 4660 pro
829 4560 899 4651 ipsa
922 4567 999 4631 Me·

231 4682 289 4749 ta,
313 4662 390 4730 dare
414 4667 547 4735 debebat
571 4665 626 4755 ei,
651 4664 710 4761 qui
732 4667 821 4737 henes
837 4662 1000 4760 proxim

229 4760 342 4836 mariti
365 4762 478 4856 prioris
504 4759 563 4856 esse
604 4764 849 4839 inveniebatur.
890 4762 1000 4839 Hisce

229 4861 351 4969 positis
378 4860 532 4952 redires,
569 4865 675 4962 quim
709 4867 803 4939 olim
829 4863 998 4955 fecerim,

228 4964 478 5072 explicandam
506 4962 607 5038 sumo
633 4969 767 5068 Legem
812 4972 896 5057 161,
926 4973 996 5043 Ro-

228 5070 364 5155 tbarie‚
403 5067 505 5178 cujus
537 5065 625 5146 baec
660 5066 742 5150 snut
783 5074 916 5151 verba:
955 5072 999 5145 Εἰ

1103 3338 1245 3414 mulieri
1272 3344 1391 3410 dotem
1420 3335 1673 3418 constitueret.
1714 3352 1776 3408 aut
1803 3336 1872 3410 do·

1101 3468 1186 3514 num
1230 3438 1390 3611 prossus
1432 3437 1642 3612 misione
1667 3434 1871 3615 degentis}-

1103 3567 1199 3613 ntum
1228 3558 1432 3625 conettet,
1495 3564 1686 3614 suintune
1726 3558 1870 3616 actan-

1102 3640 1197 3714 stmis
1223 3639 1354 3714 veteris
1381 3639 1600 3715 Testamenti
1628 3641 1776 3735 Libris,
1810 3658 1870 3717 at-

1101 3769 1172 3840 que
1211 3768 1231 3814 e
1267 3740 1423 3843 profanis
1464 3744 1703 3844 scriptoribus
1729 3748 1871 3821 Home-

1104 3870 1165 3931 ro,
1194 3843 1377 3924 Diodoto,
1405 3872 1445 3918 ac
1472 3846 1575 3929 aliis,
1602 3873 1691 3946 quos
1710 3872 1872 3923 comme·

1103 3972 1241 4021 morare
1276 3945 1369 4019 nihil
1396 3966 1485 4046 opus
1511 3949 1577 4024 esi.
1622 3951 1747 4026 Ritutn
1772 3950 1870 4027 bunc

1104 4054 1243 4124 Tuscae
1270 4047 1382 4125 adbuc
1408 4049 1616 4126 observant.
1643 4056 1764 4148 Quare
1788 4076 1867 4127 ntu-

1104 4153 1226 4228 iierem
1256 4177 1316 4253 pet
1341 4155 1530 4250 quamdam
1558 4157 1772 4231 cotmtionie
1794 4153 1869 4258 spc-

1105 4256 1196 4330 ciem
1225 4255 1432 4354 conquirere
1467 4256 1530 4331 srbi
1558 4256 1615 4328 vir
1657 4258 1873 4334 videbatur·

1106 4357 1300 4432 Secunditm
1347 4359 1482 4457 Legem
1510 4359 1661 4432 Salicum
1692 4361 1800 4451 solido
1824 4358 1874 4441 ti·

1105 4460 1234 4531 denario
1260 4455 1531 4556 desponsabatur
1556 4458 1709 4540 semina,
1737 4461 1807 4537 hoc
1827 4462 1877 4541 ed

1107 4555 1285 4659 persoluto
1312 4561 1447 4659 pretio,
1474 4561 1568 4657 quod
1597 4562 1635 4632 in
1665 4560 1766 4634 iilius
1810 4566 1877 4642 dd-

1105 4682 1177 4735 tem
1215 4663 1506 4741 convertebatur,
1549 4680 1609 4733 aut
1647 4658 1687 4733 in
1728 4661 1783 4763 jus
1814 4694 1877 4768 pa·

1107 4776 1244 4838 rentum
1272 4760 1457 4836 ttanfib'at.
1497 4764 1555 4836 Ad
1593 4763 1677 4837 haec
1713 4771 1875 4845 eMun·

1106 4865 1167 4939 dio
1193 4861 1255 4937 sibi
1281 4870 1668 4961 comparato²mnltum
1698 4869 1874 4948 utilitatis

1106 4986 1282 5066 reportate
1308 4984 1471 5068 poterant
1497 4968 1592 5045 viri.
1635 4976 1728 5045 Nam
1771 4974 1876 5049 dece·

1108 5070 1272 5148 dentibus
1318 5069 1495 5149 -utotibus
1543 5073 1617 5176 posi
1660 5071 1874 5252 acgplistrurn

1755 5202 1822 5250 un-
