4216 6014
207 380 293 471 „3
524 265 892 442 nessanrxlro
924 294 1406 459 urnasrnltenrnn.
1642 374 1728 470 ne

148 473 281 546 Scribtt
325 468 412 553 ille,
456 469 489 546 se
534 471 717 569 inspexisse
766 474 911 566 nivosum
949 477 984 549 A
1024 470 1061 543 in
1089 494 1184 545 artare
1211 469 1393 546 influunt.
1431 468 1595 546 Prosebio
1624 471 1788 548 florentes

149 571 350 664 aaaron,
384 591 537 645 eneruem
561 579 742 666 Aderam,
778 579 913 648 veleeenr
1023 568 1289 669 fruuilerosque
1325 570 1444 670 prlstm
1486 599 1586 674 agros
1626 577 1785 650 nuncin

149 674 321 764 delesses,
346 678 472 770 pigrum
498 675 660 746 Mincium
685 673 758 761 &a
783 704 914 774 quornm
1024 671 1270 772 Langobardia
1298 671 1499 755 intuemur,
1524 677 1559 748 dc
1584 675 1709 750 cunila
1734 676 1786 752 se-

150 775 241 869 rlpae
281 776 400 871 serique
435 778 546 872 paffin
584 779 712 871 quernis
737 780 915 875 acernisque·
972 824 975 829 -
1024 799 1061 847 re
1087 773 1235 846 flumina
1271 769 1340 846 suis
1375 774 1559 873 aggeribus
1599 777 1785 855 conllrisia

153 877 338 948 Neronibus
364 879 597 960 vereienanon.
642 876 747 953 Nunc
786 881 938 953 hortun¹
1025 873 1160 949 frenum
1189 874 1263 972 pati
1290 872 1545 974 conspicimus.
1591 881 1723 952 Verltnt
1754 880 1787 955 li

153 1001 262 1076 pauca
296 994 355 1051 aut
392 979 488 1050 nulla
524 976 669 1078 vestigia
710 979 911 1079 supersunt.
1026 976 1180 1075 regionis
1200 974 1302 1073 hujus
1322 974 1613 1076 chorographiam
1630 982 1787 1079 aliquant

154 1080 340 1151 innumera
375 1081 445 1152 alia
475 1083 628 1153 Nemora
656 1078 694 1155 de
731 1085 847 1156 Saltus
874 1082 912 1155 in
1027 1094 1161 1150 veteres
1181 1077 1283 1150 nobis
1301 1076 1546 1176 reliquissent,
1565 1079 1683 1178 qualis
1704 1100 1789 1158 tunc

153 1179 295 1252 Chattis
337 1179 415 1253 heic
454 1181 561 1254 editis
604 1185 785 1265 offendas,
825 1202 915 1283 quae
1026 1195 1123 1268 erat,
1160 1176 1289 1251 mirum
1317 1180 1422 1274 quint
1449 1179 1629 1255 diffinitis
1654 1183 1789 1258 collata

152 1279 274 1380 jandiu
311 1299 426 1353 aratro
454 1308 571 1381 parere
595 1285 816 1358 didicerunt.
844 1289 913 1357 Re·
1028 1302 1108 1349 tum
1148 1277 1213 1351 illa
1252 1277 1431 1352 videretur
1456 1281 1576 1355 'soliti
1618 1283 1788 1384 temporis

152 1383 219 1455 deo
245 1381 286 1454 ad
314 1381 465 1455 fluvium
493 1389 639 1456 Genam.
667 1385 752 1484 Ejus
779 1384 916 1457 mentio
962 1399 988 1469 Β
1028 1375 1151 1472 regio.
1192 1383 1318 1475 Neque
1344 1380 1603 1456 barbaricorum
1631 1401 1790 1459 tantum-

153 1480 260 1555 atinm
287 1482 444 1557 occurrit
469 1483 508 1556 in
538 1483 745 1581 Diplomate
775 1482 915 1569 Conra-
1030 1477 1136 1550 modo
1162 1476 1298 1550 dierum
1317 1478 1446 1554 infelix
1466 1481 1599 1558 srublus
1618 1484 1677 1560 hic
1697 1484 1790 1581 fuir,
1913 1485 1915 1488 Α

152 1580 191 1655 di
226 1584 254 1659 l.
291 1589 533 1659 Rornanorum
571 1586 679 1686 Regis
717 1590 828 1660 Anno
854 1584 914 1659 M·
1029 1576 1169 1685 sedvel
1197 1574 1277 1676 ipsrs
1305 1582 1474 1655 Romanis
1518 1587 1624 1686 longe
1650 1588 1791 1688 lateque

154 1687 324 1759 xxxul.
360 1686 450 1785 apud
493 1688 745 1788 Sillingardum
781 1690 816 1762 δι
856 1686 915 1762 U·
1028 1678 1305 1780 imperantibus,
1334 1681 1528 1774 Pelusium,
1550 1688 1585 1758 dt
1607 1690 1790 1781 Lacuum,

133 1785 135 1789 ’
177 1784 356 1876 bellium,
392 1815 436 1859 ex
472 1815 543 1885 quo
579 1790 767 1870 hebernus,
803 1815 916 1885 quou-
1027 1783 1061 1853 8<
1107 1784 1303 1856 Nemorum
1345 1781 1447 1882 copia
1487 1809 1558 1858 non
1603 1788 1789 1865 mediocris

153 1809 240 1982 ique
274 1903 358 1961 tunc
394 1886 427 1959 se
476 1888 698 1983 protenderet
744 1887 917 1962 Dioecests
1011 1879 1247 1961 sarmitum,
1275 1882 1513 1966 flaminiam,
1541 1913 1581 1960 ac
1600 1889 1790 1965 Venetiam

154 1983 398 2060 Mutinense.
445 1988 591 2063 Scilicet
631 1988 821 2063 confirmat
864 1988 915 2061 ibi
1029 1984 1152 2056 multis
1179 1983 1216 2055 in
1243 1983 1334 2062 locis
1359 1989 1579 2085 occupabar.
1618 1989 1789 2065 Vitruvio

154 2085 340 2162 Corradus
367 2087 494 2187 ingoni
524 2088 718 2164 Mutinenst
750 2089 915 2163 Antistiti
1028 2083 1109 2156 telle
1136 2083 1218 2157 Lib.
1252 2084 1367 2183 primo
1407 2082 1500 2185 Cap.
1536 2114 1572 2184 4.
1608 2087 1790 2164 Palndibur

152 2189 282 2260 Flebam
314 2191 432 2259 sancii
474 2190 595 2261 Felicis
634 2192 669 2261 r'n
709 2193 917 2262 Marianum
1026 2183 1292 2284 opprimebatur
1326 2205 1402 2261 tota
1443 2187 1526 2261 illa·
1545 2189 1671 2290 regio,
1698 2217 1787 2291 quae

151 2292 250 2362 cnse
275 2287 323 2368 έν
351 2290 496 2362 Decimus
522 2292 659 2362 emnium
686 2292 816 2363 iliarum
843 2294 914 2363 Vis·
958 2315 988 2384 ς
1026 2285 1121 2358 inter
1157 2289 1384 2381 Ravennam,
1425 2288 1616 2384 Altinum,
1658 2290 1698 2366 dc
1735 2297 1789 2368 A·

153 2390 258 2464 sarens
293 2391 328 2460 in
363 2398 509 2464 seratam
543 2392 703 2485 Pacensem
736 2415 915 2488 percurren-
1025 2386 1193 2486 quilejant
1222 2383 1256 2459 se
1282 2385 1463 2461 extendit.
1491 2392 1658 2466 Strabone
1677 2392 1786 2468 etiarn

121 2477 124 2484 ¹
154 2510 216 2563 sent
230 2490 323 2576 iuxta
336 2496 479 2579 Genem,
496 2490 543 2569 ὅν
557 2493 766 2584 Blancanise.
786 2499 834 2565 Ee
842 2494 915 2588 flu·
1026 2486 1109 2560 telle
1135 2487 1219 2561 Lib.
1239 2491 1284 2559 V.
1310 2489 1411 2559 emnia
1436 2490 1519 2586 regie
1543 2492 1617 2563 baec
1642 2492 1790 2585 majorem

155 2616 225 2661 naen
243 2597 371 2680 Gestae,
392 2596 435 2662 (J
449 2593 600 2682 Murice,
616 2596 660 2665 U·
673 2597 834 2667 Penariae
846 2599 914 2666 &a
1022 2608 1146 2678 partem
1171 2589 1353 2659 paludibus
1370 2587 1535 2662 abundas.
1565 2594 1790 2670 Praedixerat

155 2692 200 2763 θ
221 2701 345 2764 Cenem
368 2699 475 2764 Gener
499 2720 566 2764 eum
592 2697 677 2764 omni
700 2698 851 2776 Decima,
872 2697 916 2765 θ
1026 2689 1114 2807 ὶΙΙοζ
1146 2690 1295 2783 loquens
1332 2688 1376 2762 de
1415 2689 1574 2783 Brixia,
1616 2696 1790 2775 Mantua.

154 2795 319 2866 Decimam
345 2795 501 2889 integram
525 2802 565 2866 de
590 2798 686 2868 Plebe
703 2797 817 2867 seresii
834 2804 915 2868 Cae·
1027 2794 1162 2889 Regio,
1189 2786 1331 2862 Cano:
1370 2795 1442 2862 Hae
1487 2796 1584 2865 Urbes
1623 2798 1713 2892 lenge
1733 2797 1793 2890 sn-

148 2894 257 2984 sm‘r',
293 2897 338 2964 θ
377 2896 550 2982 Castellum
590 2899 629 2966 de
672 2903 809 2990 Bagam
843 2896 916 2976 &a
1024 2908 1086 2980 pra
1111 2890 1252 2960 Paludes
1274 2889 1405 2982 iacens.
1433 2891 1528 2965 Idem
1556 2894 1621 2969 ille
1648 2897 1790 2974 restatur

154 2997 275 3087 Quare
302 2993 441 3078 videas,
469 3022 539 3069 nort
567 3003 706 3070 tanturn
728 3001 917 3070 Nonantu-
1028 2989 1071 3063 de
1096 2988 1221 3061 multis
1248 2988 1420 3066 Venerine
1447 2993 1631 3086 Urbibus,
1657 3024 1790 3094 quarens

157 3097 256 3167 lenos
291 3097 511 3178 monachos,
549 3095 606 3170 sed
650 3097 759 3170 etiam
800 3096 917 3169 Muti·
1028 3089 1113 3162 eliae
1148 3087 1324 3180 insularum
1359 3114 1441 3161 mere
1479 3097 1650 3189 cinguntur
1676 3101 1792 3193 aquis,
1915 3104 1918 3108 ’

156 3194 276 3268 nenses
322 3196 496 3270 Praesules
540 3205 669 3268 Canem
707 3204 828 3267 Genam
855 3194 916 3270 fibi
961 3217 991 3284 o
1028 3191 1114 3261 aliae
1138 3193 1307 3262 atlunnenr
1341 3191 1424 3260 mari
1470 3193 1583 3289 aliqua
1622 3224 1644 3268 a
1679 3219 1793 3291 parre,

158 3295 346 3386 tribuisse.
400 3299 515 3368 lmrno
565 3299 669 3391 quim
716 3297 917 3368 turbulenta
1028 3316 1107 3386 quas
1132 3291 1167 3360 in
1193 3289 1430 3360 mediterraneis
1447 3291 1549 3389 supra
1572 3297 1713 3370 Paludes
1742 3298 1790 3384 fi-

159 3391 293 3465 suerint
316 3393 496 3467 barbarica
523 3394 586 3466 illa
614 3398 778 3485 Saecula,
813 3415 919 3493 arque

120 3500 125 3508 '
158 3488 331 3566 inslabilis
351 3518 464 3566 retunt
487 3493 664 3594 possrffio,
684 3496 815 3593 quippe
830 3496 918 3571 hanc

158 3591 314 3665 eamdem
361 3599 509 3678 Canem,
551 3595 650 3680 stram
697 3597 731 3665 in
756 3598 919 3669 Camisares
960 3669 963 3675 ,

157 3688 359 3783 Mutinensi,
386 3696 554 3793 loco,>qui
577 3698 694 3768 dicieue
714 3702 826 3786 Zeira,
850 3725 917 3769 erens

157 3792 301 3864 mnibus
327 3798 416 3866 rebus
440 3793 499 3883 tls·¹
508 3797 674 3887 familiis,
719 3795 766 3876 &¹
801 3800 916 3893 capet-

156 3895 223 3967 iam
251 3896 285 3964 in
311 3895 421 3965 bonore
440 3896 551 3986 [anili
590 3897 754 3987 Caesarii,
791 3902 918 3973 Carlo-

159 4020 306 4068 tnanrtus
334 4000 409 4068 Rex
429 3997 523 4069 dono
541 3997 639 4072 dedit
659 3999 815 4072 Wibodo
839 4005 918 4073 l’ar·

159 4094 265 4168 ancnst
293 4094 489 4195 Episcopo,
523 4099 557 4170 δι
600 4098 744 4171 subinde
770 4104 920 4172 Carolus
962 4113 990 4181 Ε
1032 4092 1203 4169 reniffimi
1233 4094 1341 4169 Ducis
1367 4098 1533 4197 Mutinae
1558 4103 1793 4178 Mathemati·
1893 4178 1913 4205 χ

157 4197 296 4272 Crassus
332 4201 441 4270 Anno
477 4196 608 4274 Christi
635 4202 920 4276 Dcchxxx.

160 4297 413 4372 confirmarit.

212 4404 336 4497 Neque
365 4401 501 4473 tantiam
530 4400 648 4475 Silvae
675 4401 837 4487 crebrae,
864 4400 918 4476 sed

161 4494 201 4572 dt
229 4501 374 4593 Paludes
401 4502 558 4599 antiquis
598 4503 816 4600 temporibus
842 4506 921 4576 lon·

162 4618 207 4718 pe
239 4628 342 4702 quana
379 4627 472 4676 nunc
507 4602 762 4701 frequentiores
798 4623 918 4679 erant:

163 4700 270 4796 idque
309 4702 525 4788 potisiimltm
571 4703 790 4806 speblabatur
828 4707 921 4779 circa

162 4803 297 4874 multos
321 4829 366 4875 ex
404 4803 524 4879 fluviis
563 4805 824 4902 Langobardici
853 4812 921 4879 Re-

162 4901 248 5003 gni,
276 4902 337 4974 ubi
364 4900 402 4974 in
431 4905 560 4978 Padum
587 4907 620 4982 se
644 4908 679 4983 se
704 4928 917 4981 exonerant:

161 5023 268 5103 atque
295 5004 333 5074 in
362 5000 486 5098 primis
511 5006 572 5080 ubi
607 5007 719 5083 Padus
754 5005 794 5084 ds
821 5013 919 5082 Atex

261 5107 424 5189 ΜΝ.
497 5138 501 5144 ·

1028 3412 1080 3462 rae
1099 3390 1197 3480 sune.
1227 3391 1394 3464 Nondum
1423 3399 1507 3467 verb
1533 3406 1613 3469 nata
1632 3416 1705 3472 erat
1732 3400 1788 3472 in-

1028 3491 1125 3583 clyta
1153 3489 1381 3564 Venetiaruna
1409 3490 1575 3568 Civitas.
1612 3498 1788 3572 Herodia-

1028 3608 1093 3664 nu's
1118 3614 1260 3689 quoque
1285 3589 1432 3684 scribit,
1461 3594 1601 3692 stagna,
1642 3601 1686 3670 O·
1724 3606 1793 3674 Pa·

1028 3695 1119 3764 sedes
1145 3692 1228 3763 inere
1252 3693 1409 3765 Altinum
1436 3697 1480 3766 Θ
1500 3703 1693 3772 Ravennam
1716 3728 1793 3774 ene·

1028 3795 1146 3891 vigata
1166 3790 1285 3885 fuisse.
1310 3797 1430 3886 Qulr'n
1458 3802 1543 3871 verb
1569 3800 1644 3874 latc'
1666 3826 1791 3877 excur-

1005 3913 1147 3968 ¹terent
1171 3895 1262 3967 olim
1289 3893 1460 3992 ejusmodi
1503 3899 1677 3984 Paludes,
1713 3928 1792 3979 eru.

1031 3995 1107 4068 dite
1134 3994 1288 4089 inquirit
1314 3995 1525 4073 Dominictts
1551 3997 1702 4076 corradi
1731 4009 1790 4079 Se-

1034 4222 1094 4270 caa
1119 4196 1157 4268 in
1186 4195 1320 4276 Libro,
1346 4199 1404 4273 cui
1427 4200 1555 4274 titulus
1574 4204 1695 4298 Effini
1712 4209 1795 4274 dan-

1034 4296 1119 4382 nosi,
1147 4299 1216 4369 &a
1242 4298 1408 4372 Mutinae
1435 4305 1544 4371 Anno
1572 4322 1678 4396 1717.
1699 4304 1794 4402 typis

1035 4398 1151 4470 edito.
1178 4398 1255 4492 Qui
1281 4424 1375 4471 nunc
1402 4399 1623 4474 ferrariensts
1643 4428 1724 4502 ager
1744 4403 1795 4478 cis

1038 4499 1168 4572 Padurn
1196 4497 1359 4597 singulari
1386 4496 1575 4573 fertilitate
1614 4527 1794 4581 commen-

1034 4601 1163 4690 datur,
1189 4619 1274 4672 tune
1299 4598 1539 4699 stagnantibus
1564 4603 1665 4705 aquis
1686 4605 1794 4706 pisces

1034 4718 1097 4776 aut
1122 4726 1221 4774 ranas
1247 4698 1285 4773 in
1313 4698 1486 4802 plerisque
1521 4707 1610 4780 locis
1652 4710 1794 4801 alebat,

1035 4802 1149 4876 immo
1176 4800 1330 4876 nondum
1360 4804 1536 4880 ferrariae
1564 4806 1677 4882 Urbis
1697 4828 1796 4882 nara·

1035 4905 1105 4975 lent
1134 4925 1301 4978 noverat.
1327 4907 1413 4998 Quo
1440 4906 1547 4979 etiarn
1576 4909 1613 4979 in
1637 4912 1717 4981 loco
1739 4931 1796 4979 ce·

1034 5002 1221 5077 lebcrrima
1247 5002 1393 5078 Civitas
1421 5010 1588 5079 Ravenna
1613 5034 1701 5080 aeno
1733 5004 1794 5080 suo
1936 5087 1939 5091 ,
1996 5075 2000 5080 .

1086 5107 1108 5175 S
1696 5106 1747 5203 ja-
