4216 6014
228 429 278 481 no
295 295 508 483 3liC3CClll.
533 287 602 483 usi
623 288 766 502 lidii?
784 289 896 506 gagii
910 290 999 484 {mli
1024 285 1306 502 AMCsanloilsl
1317 288 1600 496 Asbrsstiilubr'
1631 408 1701 504 einr
1722 302 1864 504 lividius

228 509 330 594 tum,
366 509 401 581 δι
429 507 579 586 minime
617 511 843 609 imperatoris
879 509 992 585 titulo

229 609 402 683 Carolum
423 613 567 687 donari.
601 611 720 710 Pergit
740 610 893 685 Charta:
923 618 990 684 Do-

229 708 316 781 mino
358 712 506 804 sanilo,
546 713 590 782 O*
627 713 829 808 Angelorum
869 713 990 784 meritis

228 817 453 910 quoaequando
470 811 611 884 oratorio
631 810 815 913 (egregios
837 810 916 886 sane
941 812 990 886 ti-

229 914 327 988 tulos
354 911 523 988 Oratorio
550 914 727 1001 collatos,
765 913 822 988 sed
849 912 891 988 ad
918 913 987 987 sor·

228 1015 421 1089 molarium
456 1040 577 1088 eorum
614 1034 814 1105 temporum
852 1016 988 1110 expres-

1049 584 1058 599 ,
1103 507 1216 607 (ita)
1242 516 1364 600 Corpus
1387 510 1575 606 requiescit,
1609 537 1662 607 ego
1695 514 1865 607 Sigerarut

1106 605 1218 705 Vaffru
1252 612 1373 685 Domni
1405 611 1605 708 Imperatoris
1617 660 1629 694 ,
1657 609 1754 703 filius
1788 619 1867 686 bone

1105 713 1247 783 memorie
1272 713 1373 785 Leoni
1398 715 1541 799 Comire,
1566 712 1691 805 presens
1712 714 1867 809 presenti-

1106 812 1165 884 bus
1203 814 1303 885 dini:
1344 818 1397 887 Do
1429 814 1488 886 bac
1522 815 1615 910 offero
1651 815 1686 884 in
1721 812 1869 909 predillo

1106 914 1300 1000 Monasterr'o
1334 937 1393 1011 pro
1434 915 1601 986 remedium
1636 914 1743 986 anime
1777 941 1867 993 mee.

1104 1015 1159 1084 arel
1182 1018 1341 1110 quondam
1366 1016 1526 1089 Amelriei
1551 1014 1702 1111 Episcopo
1727 1017 1870 1088 Avium·

228 1113 308 1211 sos)
335 1113 420 1186 brari
444 1112 629 1210 Consefforis
655 1118 788 1190 Domini
816 1119 909 1201 nollri
925 1125 987 1208 Je-
1106 1120 1172 1184 rulo
1197 1141 1262 1186 meo
1288 1114 1389 1213 (fuit
1424 1118 1488 1191 ille
1516 1115 1793 1191 Novocomensrs
1819 1120 1871 1189 E-

221 1215 264 1309 su
289 1215 410 1304 Cbrijli
433 1218 577 1306 Zenoni,
604 1219 686 1314 quod
707 1219 839 1308 fondaro
864 1213 920 1308 effe
937 1218 990 1287 vi·
1049 1277 1061 1293 „
1111 1214 1304 1312 Piseopus)
1330 1219 1383 1288 boc
1416 1224 1459 1305 ell
1493 1226 1611 1309 Curre,
1648 1216 1696 1297 (γ’
1722 1215 1869 1291 omnibus

227 1319 319 1390 detur
345 1319 379 1389 in
406 1320 469 1388 loco
495 1319 707 1410 campellioni
728 1315 824 1414 prope
843 1321 992 1389 Riba...
1033 1296 1070 1380 li¹
1110 1317 1199 1385 rebus
1224 1317 1293 1385 illis
1317 1316 1426 1411 postris
1452 1320 1487 1390 in
1513 1322 1576 1389 loco
1602 1321 1646 1390 Θ·
1666 1319 1770 1409 fundo
1795 1325 1868 1390 Ba·
1898 1323 1899 1327 ’

229 1416 341 1514 (idest
367 1416 408 1491 ad
436 1419 549 1518 ripam
580 1425 693 1493 Lacus
724 1417 887 1516 lugani)
908 1414 993 1506 fini·
1108 1420 1222 1496 lerne,
1261 1419 1320 1489 uhi
1355 1418 1474 1490 dieitur
1511 1420 1650 1512 Oblino,
1678 1419 1869 1512 Judr'ciaria

230 1523 288 1592 bus
314 1518 472 1590 Civitatis
499 1519 679 1611 Sebrionse.
708 1521 762 1590 En
791 1537 829 1608 ut
846 1517 993 1611 leprium
1106 1513 1270 1608 Sebriense
1295 1517 1368 1599 &a
1394 1519 1522 1595 Obiter
1547 1520 1627 1594 heic
1645 1520 1868 1594 animadver-

229 1636 315 1694 tunc
363 1618 457 1692 inter
502 1616 687 1694 Civitates
727 1617 992 1694 recenseretur.
1105 1635 1159 1690 tas
1200 1619 1347 1714 uelim,¹
1380 1620 1682 1719 praeclarissimam
1725 1617 1864 1692 Urbem

230 1725 338 1798 Nune
366 1719 429 1791 vix
457 1718 556 1792 illius
584 1717 728 1818 veslrgin
756 1719 935 1805 supersunt
954 1719 990 1792 in
1107 1719 1227 1792 voeari
1263 1719 1497 1792 Mediolanium
1522 1746 1594 1793 non
1620 1718 1865 1791 Mediolanum.

230 1847 315 1922 agro
341 1819 618 1903 Mediolanenfi,
646 1820 707 1895 ubi
732 1822 838 1910 Callel
861 1822 992 1920 laprio,
1109 1821 1240 1898 Notis,
1276 1817 1374 1893 usum
1409 1819 1502 1894 hune
1537 1846 1609 1892 non
1644 1842 1778 1894 nouum
1819 1815 1870 1903 iis

229 1948 303 1997 non
331 1926 436 2021 longe
463 1924 506 1996 ab
532 1921 676 2023 Oppido
701 1924 895 1999 Gallarati.
923 1925 992 1996 nl·
1108 1916 1324 2016 temporibus
1368 1917 1503 2003 suile,
1551 1917 1664 1989 immo
1704 1941 1747 1988 ne
1787 1911 1871 2011 ipfis

229 2044 305 2098 tera
341 2025 566 2117 membrana,
601 2023 640 2097 in
675 2023 799 2099 eodem
835 2028 991 2101 Ambro-
1108 2017 1249 2118 quidem
1287 2017 1443 2115 antiquis
1479 2015 1633 2099 Seculis‚
1669 2014 1723 2091 uti
1756 2012 1871 2094 oslen-

230 2122 325 2199 liano
373 2122 538 2199 Archino
587 2123 802 2217 adservata,
851 2147 991 2201 exarata
1106 2122 1187 2195 dam
1223 2118 1262 2194 in
1283 2117 1511 2193 'collellione
1547 2125 1705 2192 veterum
1742 2114 1872 2192 inseri·

228 2224 323 2301 suit:
353 2227 567 2299 Hlndowicus
591 2228 711 2299 divina
729 2229 897 2303 ordinante
919 2251 992 2325 pro·
1030 2247 1061 2318 C
1107 2220 1303 2323 ptionum,
1343 2246 1428 2320 quas
1467 2217 1630 2321 proximi
1669 2217 1709 2293 in
1750 2220 1869 2294 lucem

226 2329 379 2402 videmia
405 2333 575 2421 imperaror
599 2328 767 2426 Angelius
792 2330 866 2412 &a
894 2328 991 2402 Indi·
1108 2321 1309 2422 proferam.

228 2428 349 2504 blione
377 2434 414 2502 V.
442 2431 554 2520 Mense
579 2429 778 2513 Februario,
804 2431 888 2505 idest
914 2436 993 2505 An·
1160 2428 1281 2523 Nuper
1308 2422 1463 2500 vidimus
1480 2422 1704 2517 Judieiariam
1722 2421 1870 2495 Sebrierr·

226 2556 275 2603 no
303 2534 558 2604 DCCCLVll.
594 2531 753 2622 Conslar,
789 2559 837 2603 me
861 2534 993 2628 Angel-
1101 2526 1188 2619 forn,
1214 2552 1287 2600 non
1314 2532 1398 2600 verb
1423 2526 1638 2598 Comlrarunr.
1664 2522 1870 2625 suspicandi

228 2634 333 2704 bertus
357 2632 398 2701 de
426 2633 498 2702 Vico
523 2631 665 2703 Canobio
690 2629 819 2722 finibus
844 2634 992 2705 Sebrien-
1107 2631 1205 2702 locus
1232 2627 1299 2718 est,
1325 2625 1378 2701 ibi
1405 2652 1514 2702 unum
1534 2652 1578 2701 ex
1597 2623 1780 2716 lodicibus
1800 2624 1870 2700 mi·

222 2731 261 2824 Je
287 2730 360 2810 &a
388 2730 564 2803 Canubium
600 2757 692 2805 nunc
728 2733 849 2807 nobile
878 2732 993 2832 Oppi·
1106 2729 1260 2825 roribus,
1274 2727 1482 2811 consedisse,
1502 2726 1565 2827 qui
1585 2754 1604 2801 a
1623 2725 1767 2803 Comite
1786 2731 1870 2800 Me-

229 2831 313 2905 dum
354 2829 400 2904 est
442 2828 484 2904 ad
524 2858 621 2906 oram
658 2833 814 2907 Verbani
854 2837 992 2924 Lacus,
1107 2826 1298 2903 diolonensr
1345 2829 1537 2928 penderet,
1578 2827 1632 2903 uti
1671 2828 1867 2926 complures

229 2929 499 3027 amplissimae,
545 2931 738 3032 multisque
787 2935 993 3009 nominibus
1107 2930 1171 3005 alii
1200 2929 1416 3030 pendebant,
1457 2931 1511 3030 jus
1548 2928 1703 3005 dicentes
1728 2929 1801 3005 ruri
1826 2925 1869 3002 in

227 3031 498 3133 spellatiffimae
525 3036 794 3109 Borromeorum
820 3036 993 3111 Familiae
1108 3032 1302 3132 praecipuis
1322 3030 1474 3131 Oppidis
1494 3051 1555 3105 aut
1574 3028 1758 3115 castellis,
1778 3056 1870 3129 quae

227 3133 450 3238 subjeblum.
478 3138 596 3230 Quare
621 3136 745 3222 vides,
782 3139 888 3236 qulm
920 3140 992 3212 late
1033 3154 1064 3222 ι)
1106 3160 1187 3229 ager
1205 3131 1380 3208 Civitatis
1400 3131 1713 3232 complebiebatur.
1740 3135 1790 3205 Et
1814 3159 1872 3206 re-

228 3257 454 3314 exeurrerent
482 3235 568 3313 fines
594 3237 768 3336 Sepeienfis
792 3241 991 3330 comitanus,
1108 3262 1188 3309 vera
1227 3234 1266 3310 in
1294 3231 1543 3309 Dillertatione
1577 3230 1801 3331 subsequenti
1826 3233 1869 3304 de

227 3341 369 3436 quando
406 3342 449 3414 ad
485 3342 622 3414 Lacum
659 3337 804 3439 Lugani'
837 3343 872 3413 ἃ
900 3343 992 3414 ultra
1107 3337 1220 3434 tegio.
1255 3337 1359 3412 ltalia.
1407 3334 1622 3411 offendemus
1673 3335 1872 3408 Valreliuam

226 3443 432 3513 Verbanum
481 3437 713 3512 serebantur.
753 3442 991 3537 Temporibus
1098 3440 1318 3530 Jndieiariam
1338 3436 1627 3529 Mediolanensm.
1654 3438 1872 3528 Verbmju-

227 3535 275 3611 iis
311 3538 452 3634 quoties
489 3536 587 3609 audis
622 3538 802 3607 Comitatus
836 3564 992 3622 nomen,
1106 3540 1241 3611 dieiaria
1281 3539 1359 3613 heic
1399 3537 1564 3613 sumenda
1604 3536 1745 3612 videtur
1769 3541 1868 3611 Lau-

230 3634 434 3724 ditionem,
461 3632 515 3707 uti
543 3635 613 3734 jam
642 3635 792 3718 monui,
829 3635 992 3739 intellige
1108 3639 1338 3736 gobardorum
1363 3667 1481 3732 more,
1505 3639 1569 3740 qui
1586 3640 1722 3734 judiees
1747 3638 1866 3737 appel·

227 3737 470 3837 peculiarem,
510 3755 616 3836 atque
652 3763 670 3810 a
708 3736 855 3837 reliquis
897 3739 991 3814 divi·
1107 3741 1179 3812 lare
1205 3741 1436 3824 consuerunt,
1476 3769 1565 3842 quos
1592 3740 1719 3817 franci
1744 3737 1868 3814 deinde

227 3835 329 3928 sam,
365 3855 490 3933 utpote
515 3865 604 3938 quae
630 3836 814 3915 territorio
848 3842 992 3942 proprio
1106 3846 1243 3913 Comites
1270 3842 1456 3918 dixerunt.
1484 3842 1526 3920 In
1553 3841 1771 3945 Liutprandi
1799 3845 1869 3917 Re·

227 3937 515 4040 circumscripta,
554 3940 697 4040 proprio
724 3943 833 4019 etiam
864 3943 990 4019 Praesr-
1106 3941 1161 4041 gis
1187 3947 1284 4044 Lege
1311 3949 1391 4019 XV.
1419 3945 1503 4020 Lib.
1537 3951 1583 4018 V.
1609 3944 1653 4020 de
1678 3947 1789 4020 Servo
1814 3942 1870 4018 su-

227 4039 264 4116 di
294 4041 456 4142 parebat.
495 4040 559 4112 Sed
586 4043 675 4115 hanc
703 4045 888 4122 notionem
915 4065 990 4122 tur·
1028 4050 1057 4120 E
1107 4069 1189 4143 gare
1216 4044 1388 4121 habentur
1413 4045 1519 4122 haec:
1547 4048 1588 4122 Si
1614 4048 1648 4121 in
1674 4047 1783 4121 aliena
1796 4051 1869 4136 Ju-

227 4145 310 4220 bare
337 4141 478 4217 videtur
505 4139 608 4243 tertia
633 4139 768 4219 Charta
796 4175 838 4222 ex
867 4148 1011 4224 eodem·
1084 4147 1242 4222 'diriaria
1268 4149 1417 4221 inuentus
1439 4149 1564 4239 fuerit,
1600 4147 1684 4222 idell
1718 4146 1756 4221 iu
1781 4170 1867 4242 agro

229 4243 428 4323 Tabulario
463 4240 711 4327 Ambrosiam
737 4245 920 4344 depromta
954 4253 989 4322 δε
1108 4245 1178 4321 five
1204 4247 1362 4325 dillrib'lu
1388 4249 1534 4326 alterius
1559 4245 1759 4326 Civitatis.
1786 4250 1864 4321 Ne-

229 4346 388 4449 lcripta3
427 4346 639 4420 Hludowicur
671 4342 792 4421 divina
825 4350 992 4422 ordinante
1108 4375 1177 4442 que
1201 4349 1297 4422 enim
1324 4350 1425 4442 heic,
1451 4371 1492 4427 ut
1519 4352 1560 4428 de
1580 4347 1784 4436 Valtelina,
1811 4346 1871 4420 di·

227 4451 437 4539 providentia
471 4454 643 4544 imperaror
667 4446 860 4545 Angelius,
889 4461 992 4524 Anno
1108 4448 1201 4522 citur
1236 4451 1420 4527 Sebriensrs
1459 4451 1651 4546 Judiciatia
1688 4447 1873 4527 Mediola-

229 4550 361 4620 Imnerii
384 4550 454 4641 ejus
480 4557 549 4623 Deo
572 4551 708 4646 propitio
729 4551 990 4646 ,Quintoalerimm
1107 4548 1247 4626 nenfis.
1296 4558 1492 4651 Angleriam
1545 4555 1720 4630 Civitatem
1768 4550 1873 4654 supra
1933 4551 1937 4562 ¹

229 4650 307 4719 ΧΗ.
334 4650 501 4722 Kalendas
528 4655 670 4733 Manli,
698 4652 873 4726 lndillr‘one
897 4660 990 4727 Xlll.
1109 4657 1401 4730 commemoravit
1456 4661 1683 4733 Gualvaneus
1737 4654 1782 4728 de
1823 4654 1873 4727 ·la

229 4744 315 4823 idest
342 4751 453 4819 Anno
480 4752 733 4826 DCCCLllV.
760 4782 831 4850 quo
869 4757 992 4829 Petrus
1109 4758 1288 4829 Flamma:
1327 4756 1458 4834 illullre
1495 4760 1574 4834 sane
1611 4756 1794 4859 Oppidum
1834 4754 1873 4830 in

229 4847 353 4924 Abbas
399 4844 452 4920 ibi
498 4869 711 4923 memoratus
756 4853 991 4929 Ambrofiaoo
1107 4859 1167 4931 orl
1195 4858 1349 4933 Verbani
1376 4866 1491 4936 Lacus
1519 4861 1650 4950 suum,
1687 4859 1871 4958 ipsumque

102 4963 103 4967 ’
229 4947 422 5030 Coenobio
446 4966 624 5053 praeerat.
655 4955 849 5042 Monasserr'o
874 4958 992 5047 christi
1073 4958 1151 5050 tab
1203 4959 1341 5058 aliquot
1391 4963 1525 5038 Seculis
1579 4957 1869 5064 praeclarissimae

1725 5063 1814 5137 uor-
