4216 6014
293 367 396 442 291.

596 334 1006 453 anrrourr.
1050 335 1287 423 naon
1324 331 1503 420 aum
1573 301 1579 313 '
1722 363 1805 443 292

282 455 463 525 Habemus
503 448 583 523 heic
620 452 872 551 ampliffimum
914 458 992 531 No·
1032 455 1076 528 Ai
1099 453 1312 527 difficilem.
1347 452 1460 551 Cujus
1496 443 1766 548 adagiiqueram
1806 447 1869 521 in*

229 553 459 624 nantulanum
480 550 731 626 Monasterium
748 554 784 627 in
805 581 889 647 agro
907 559 992 628 Mu-

229 649 355 722 tinensi
384 651 509 734 strum,
536 653 645 726 Silvis
672 650 711 726 ἂ
740 655 930 728 Paludibus
952 681 993 728 o·

228 750 296 822 lim
323 751 532 824 abundasse.
569 753 693 827 Curtis
729 759 830 829 Gena
863 759 994 827 Silvam

229 851 565 950 compiesleb'atur.
606 857 704 926 Tum
745 853 829 928 haec
865 854 938 950 ipsa
973 886 993 926 a

227 975 345 1047 quarta
377 975 469 1047 parte
502 954 618 1025 Silvas
644 953 691 1032 θ’
718 960 857 1028 Paludes
887 955 992 1029 habe-

228 1054 309 1125 bat.
344 1055 444 1125 Silva
479 1081 619 1151 quoque
645 1056 780 1125 Comitis
816 1054 992 1152 spediaba·

227 1173 287 1226 tut
314 1153 352 1227 in
379 1153 502 1226 iisdem
532 1156 641 1241 locis,
670 1153 708 1229 ἃ
735 1158 835 1227 Silva
859 1163 899 1226 de
924 1164 993 1227 Ln-

224 1255 353 1351 pnleto‚
391 1251 429 1327 δ’(
458 1256 556 1327 Silva
581 1257 790 1347 Μανίαηψ,
826 1252 864 1329 &
892 1258 992 1327 Palu-

1101 552 1390 652 terpretationem
1420 551 1546 627 attulit
1581 548 1768 622 Tassonius
1793 573 1868 620 no·

1101 654 1186 739 ster,
1216 680 1287 727 non
1314 671 1433 727 autem
1461 649 1607 751 Segnius
1631 648 1867 722 Florentinus

1101 755 1191 853 apud
1233 753 1466 856 Menagium.
1507 756 1605 825 Haec
1646 768 1764 823 autem
1799 771 1867 820 ne·

1103 854 1239 930 morosa
1265 858 1343 930 loca
1370 851 1410 929 ἃ
1438 854 1607 941 Paludes,
1632 874 1719 946 quas
1742 873 1865 921 corru-
1897 910 1900 915 a

1105 976 1168 1049 pto
1197 957 1371 1029 uocabulo
1405 955 1544 1027 Padules
1579 949 1692 1050 postea
1727 972 1865 1022 nuncu-

1103 1077 1253 1155 parunt,
1293 1059 1328 1129 δι
1365 1082 1429 1130 nos
1463 1052 1576 1127 adhuc
1609 1049 1732 1124 Parati
1765 1047 1866 1122 sdici-

1104 1184 1201 1238 mus,
1236 1173 1419 1255 tamquam
1446 1156 1489 1229 ab
1515 1151 1597 1229 aliis
1622 1148 1781 1250 negledia
1806 1150 1867 1222 lo·

1105 1283 1144 1329 ca
1170 1260 1205 1330 Sc
1233 1258 1391 1348 inculta,
1418 1255 1481 1330 fibi
1508 1251 1739 1350 procurabant
1764 1247 1867 1348 saepe

226 1357 282 1428 des
321 1357 569 1441 Grumalenses:
609 1383 697 1452 quae
739 1356 859 1428 omnia
900 1356 993 1429 ultra
1041 1352 1068 1421 Β
1102 1356 1278 1430 Monachi
1314 1358 1357 1432 ad
1399 1383 1491 1431 nova
1529 1348 1743 1429 Monasteria
1777 1374 1868 1423 con-

1102 1457 1247 1549 denda,
1281 1459 1336 1533 nil
1372 1457 1464 1556 pensr
1499 1455 1690 1534 habentes,
1725 1477 1769 1525 an
1807 1460 1867 1524 alit

1102 1557 1261 1655 impurus
1296 1576 1356 1633 aut
1392 1556 1599 1656 compressus
1634 1552 1868 1626 incommoda

1100 1657 1231 1734 ineolis
1256 1659 1377 1732 afferre
1405 1658 1535 1755 posset,
1561 1654 1644 1727 dum
1671 1649 1866 1724 hominum

1101 1786 1142 1832 ac
1169 1760 1351 1859 praecipue
1377 1755 1587 1833 seminarum
1622 1750 1867 1850 frequentiam

1102 1861 1137 1932 &
1178 1857 1352 1933 consortia
1387 1857 1582 1931 evitarent.
1620 1856 1741 1949 Atque
1776 1848 1884 1923 hinc.

1103 1978 1186 2033 nata
1227 1961 1390 2056 pleraque
1425 1952 1651 2031 celeberrima
1687 1948 1799 2024 totius
1828 1952 1866 2023 1-

119 1515 123 1526 .
228 1457 456 1529 Scultennam
482 1455 631 1529 fluuium
660 1456 841 1556 jacebant.
872 1460 992 1552 Atque

226 1554 313 1629 ltine
334 1556 442 1629 etiam
470 1557 672 1656 intelligere
699 1555 897 1654 possumus,
929 1561 992 1631 Pa·

227 1655 372 1729 ludibus
409 1656 593 1730 multis&
631 1658 845 1731 Nemoribus
881 1657 992 1730 inter·

228 1755 360 1830 sesiam
392 1755 490 1828 fuisse
525 1783 648 1857 agrum
684 1762 921 1832 Mantuanum
949 1757 991 1831 sr-

228 1875 308 1932 tum
336 1853 386 1929 cis
416 1857 572 1944 Padum,
610 1854 730 1932 uti&
766 1858 892 1941 illum,
927 1858 991 1954 qui

227 1983 324 2031 nunc
365 1957 592 2031 Mirandulae
634 1963 792 2032 Ducatus
836 1962 992 2077 appella-

231 2077 310 2139 tur,
338 2084 415 2155 pars
441 2058 530 2132 olim
561 2057 736 2156 Regiensis
762 2064 991 2146 Comitatus.

231 2155 435 2233 Confirmat
469 2158 565 2232 enim
604 2160 832 2260 Berengarius
868 2161 992 2234 iisdem

1103 2060 1211 2135 taliae
1228 2056 1465 2138 Monasteria,
1485 2055 1540 2132 uti
1555 2049 1758 2132 Cafinense‚
1778 2054 1866 2125 Fat-

1103 2160 1222 2250 seose,
1250 2157 1478 2248 Sublacense‚
1508 2150 1765 2242 Vulturnense,
1793 2154 1864 2226 Bo-

231 2258 425 2334 Monachis
451 2261 581 2334 Silvam
615 2288 712 2332 unam
747 2263 781 2332 in
816 2261 901 2356 Gajo
926 2269 994 2335 La·
1032 2267 1064 2339 C
1101 2259 1244 2342 biense‚
1293 2256 1592 2354 Pompoiiaoum,
1629 2251 1862 2333 Noualicien·

229 2362 331 2453 mese,
358 2365 403 2432 (Ψ
428 2364 625 2434 medietatem
650 2389 688 2433 ex
706 2361 871 2453 Peleariis'
885 2367 996 2450 nollris

230 2463 270 2533 a‘n
295 2462 453 2532 territoria
479 2469 663 2534 Mantuano
698 2464 732 2534 in
758 2464 820 2535 loca
847 2471 997 2539 Sarmata

234 2562 250 2658 (
266 2588 358 2634 nunc
395 2562 584 2660 Sermido)
611 2565 655 2632 (9
690 2569 841 2634 Beudena
849 2591 870 2652 ,·
903 2585 997 2660 atque

233 2663 318 2733 alias
344 2662 504 2753 Piscariar
538 2662 570 2731 in
600 2659 726 2752 finibus
760 2664 869 2749 nolitia
894 2665 996 2757 Regi·

226 2759 332 2847 fianis
360 2761 474 2855 (idest
510 2759 765 2860 Regiensrbus)
793 2763 837 2833 (a
863 2766 997 2835 flexia-

231 2861 307 2932 ais.
349 2859 493 2957 Insuper
526 2860 716 2936 confirmat
755 2883 821 2936 tarn
855 2865 997 2958 Siluas,

230 2966 327 3058 qaam
364 2962 480 3055 pascua
515 2965 559 3034 θ
594 2963 713 3036 limites
746 2961 795 3043 (γ’
830 2968 997 3057 Paludes,

229 3066 393 3161 amnesque
416 3065 501 3138 alias
520 3062 619 3160 Μαί
641 3062 688 3143 ὅθ’
707 3089 829 3164 campas
848 3066 906 3158 sen
930 3075 997 3140 Pa·

1100 2360 1133 2435 se
1158 2363 1227 2435 &o
1255 2357 1399 2435 Cnosia
1433 2358 1519 2432 haec
1554 2375 1615 2431 aut
1651 2355 1692 2429 in
1720 2351 1864 2430 Monti-

1100 2463 1186 2552 bus,
1212 2472 1273 2536 aut
1299 2462 1393 2534 inter
1419 2458 1556 2548 Siluas,
1583 2476 1646 2530 aut
1671 2456 1766 2530 inter
1790 2456 1860 2528 ea-

1102 2564 1200 2638 ludes
1220 2559 1411 2645 construsia
1432 2558 1585 2653 primum
1613 2555 1728 2631 suere.
1754 2554 1862 2650 Quod

1101 2667 1136 2736 δι
1151 2661 1309 2761 contigit
1323 2657 1584 2746 Padolironensi
1604 2655 1643 2731 in
1659 2683 1742 2757 agro
1757 2659 1864 2731 Maa-

1100 2781 1209 2847 tuaoo
1246 2762 1296 2835 cis
1333 2761 1493 2843 Padum,
1533 2757 1860 2858 cujus-Historiam

1102 2863 1269 2961 scripse,
1314 2859 1353 2934 δι
1399 2878 1628 2935 monumenta
1676 2856 1862 2958 evulgavit
1898 2914 1901 2919 -

1102 2963 1245 3039 Clariss.
1278 2961 1510 3036 Bacchinius.
1546 2958 1743 3037 fundatum
1771 2957 1863 3033 illud

1103 3064 1171 3138 suit
1207 3066 1246 3139 in
1282 3061 1399 3138 Insula
1436 3061 1531 3137 inter
1565 3060 1694 3135 Padum
1722 3057 1762 3132 ἃ
1790 3063 1864 3135 La·

230 3166 344 3247 sudes,
360 3168 443 3238 unde
457 3167 689 3266 qualescumque
696 3167 882 3262 piscationes
886 3166 998 3259 fiunt,
1035 3153 1070 3221 D
1103 3165 1239 3240 tionem
1276 3163 1447 3238 fluvium:
1484 3179 1614 3259 atque-2
1648 3177 1690 3245 ”s
1723 3158 1864 3245 ⁶0¹¹stst

229 3290 376 3340 exeuntes
414 3269 470 3341 uel
512 3269 668 3341 intrantes
703 3298 725 3342 a
758 3271 929 3367 Trepontia
964 3269 999 3339 in
1102 3265 1313 3347 eChartis‚
1348 3265 1401 3339 ibi
1427 3279 1500 3338 erat
1522 3281 1605 3345 terra
1628 3255 1765 3333 arabilis
1796 3254 1858 3348 ju·

71 3378 78 3383 ⁸
226 3365 331 3460 fisum
368 3370 461 3464 usqae
496 3370 531 3440 in
567 3367 794 3464 Frffamlatam
821 3372 865 3441 θ
899 3377 998 3443 Gam-
1099 3395 1156 3465 ges
1189 3366 1314 3462 viginti
1346 3373 1442 3446 duo,
1476 3363 1589 3436 Siluas
1621 3357 1669 3441 ἐφ’
1704 3357 1859 3450 Buscalia

229 3465 411 3539 barionem.
440 3467 580 3540 Cunsias
605 3470 702 3539 etiam
729 3467 838 3560 Foffas
861 3471 905 3540 θ
930 3477 997 3541 Pa·
1098 3469 1194 3564 juges
1231 3467 1344 3557 (idesi
1379 3464 1529 3564 jugera)
1563 3459 1752 3558 sexagintas
1792 3483 1865 3532 [¹¹¹⁰

229 3567 344 3652 ludes,
382 3591 461 3659 qnae
488 3563 581 3655 fiunt
614 3573 653 3636 de
680 3566 793 3660 fluuio
826 3571 998 3658 Eandem,
1103 3569 1288 3643 contraslu
1323 3565 1474 3665 quaesrta
1507 3561 1571 3639 fibi
1597 3563 1641 3649 ab
1668 3560 1864 3635 Adelberto
1951 3562 1955 3567 ’

232 3662 281 3742 &
310 3666 556 3754 Laeumfatuunr
581 3662 629 3744 (a
655 3672 775 3737 Lacum
808 3669 849 3738 de
884 3668 998 3763 Vulpi-
1104 3673 1242 3742 Attone
1269 3694 1403 3766 proavo
1422 3663 1635 3742 Comitiffae
1652 3657 1864 3753 mathildis.

108 3798 111 3803 ·
228 3761 368 3854 aas&
394 3771 513 3837 Lacum
531 3767 569 3839 de
594 3767 778 3855 Danaeius,
806 3768 855 3849 (γ’
879 3775 998 3841 Lacum
1103 3773 1200 3842 Tum
1237 3772 1350 3842 altero
1385 3765 1569 3842 eontradlu
1605 3766 1637 3840 is
1671 3765 1711 3839 in
1740 3760 1864 3837 eodem

228 3867 269 3936 de
305 3866 476 3966 Fulgin03
514 3895 568 3940 nee
603 3896 664 3940 nan
701 3869 896 3967 Virginiana
930 3897 998 3941 eum
1102 3871 1184 3943 loco
1210 3895 1271 3966 per
1297 3867 1614 3943 commutationem
1643 3864 1706 3940 sibi
1740 3888 1865 3963 procu·

228 3968 376 4038 omnibus
402 3968 477 4037 loeis
502 3996 538 4040 ae
565 3972 693 4063 Foffis,
719 3968 767 4050 &¹
801 3971 997 4069 quibuscum·
1102 3970 1197 4045 ravit
1222 3969 1367 4058 Casinum
1394 3969 1480 4043 inibi
1505 3967 1708 4056 eonllmsiurn
1732 3991 1802 4036 cunt
1824 3988 1865 4036 a·

124 4067 127 4073 ’
225 4091 286 4166 qne
311 4068 468 4160 Piscariis
488 4070 556 4140 oe.
583 4073 638 4142 Ex
665 4070 720 4145 his
748 4069 997 4173 perspicimus,
1033 4049 1062 4118 E
1102 4094 1278 4147 centenae
1311 4073 1449 4146 arabilis
1479 4074 1586 4145 nodia
1618 4064 1863 4167 qnadraginta,

216 4189 360 4270 ,quanta
393 4166 468 4270 agri
497 4195 574 4268 pars
601 4187 686 4243 tunc
713 4175 813 4267 aquis
840 4174 997 4273 stagnan-
1102 4175 1208 4248 Silvis
1234 4172 1497 4270 & Busealibur
1529 4174 1636 4244 modia
1662 4169 1751 4241 mille
1768 4164 1864 4258 sexa·

227 4273 325 4348 tibus
363 4270 585 4372 operiretur,
625 4289 686 4372 aut
721 4273 830 4346 aleret
857 4277 997 4349 Silvas.
1098 4280 1217 4371 ginta.
1256 4280 1324 4349 Pro
1350 4276 1407 4349 his
1434 4272 1472 4350 δι
1500 4276 1563 4348 ille
1588 4270 1687 4346 dedit
1713 4271 1863 4363 Praepo-

231 4381 335 4470 Quae
363 4375 475 4449 caussa
501 4372 611 4448 etiam
638 4368 730 4453 suit,
757 4397 817 4446 eur
843 4373 997 4447 Saeculis
1104 4374 1169 4448 fito
1195 4375 1314 4449 Sansli
1350 4376 1542 4450 Micha'e’lis
1569 4367 1744 4473 Regienfis
1768 4365 1865 4440 iuter

229 4474 278 4547 iis
304 4495 404 4550 tanta
432 4480 618 4570 Luporum
652 4471 754 4573 copia
779 4473 863 4547 effet
895 4473 934 4548 in
960 4475 997 4550 Ι-
1104 4493 1217 4551 cetera
1244 4476 1305 4550 fita
1333 4477 1425 4552 insra
1451 4477 1650 4551 Civitatem
1672 4467 1778 4566 Regii
1794 4465 1865 4541 Sil·

229 4572 341 4656 talia‚
365 4577 510 4660 Gallia.
537 4575 576 4652 ἃ
602 4574 712 4668 alibi,
739 4574 794 4650 uti
821 4574 928 4649 etiam
953 4575 995 4650 fi·
1103 4603 1166 4649 uas
1191 4579 1236 4649 Φ
1262 4580 1429 4670 Buscalias
1454 4581 1559 4649 modia
1594 4577 1683 4648 mille
1707 4570 1866 4669 triginta.

232 4672 314 4745 dem
340 4673 428 4748 facit
454 4677 596 4751 aanor
630 4677 806 4752 chronici
843 4676 996 4753 Nouali-
1104 4680 1158 4750 En
1186 4704 1291 4774 quam
1329 4678 1526 4772 frequentes
1562 4677 1679 4754 forent
1704 4675 1744 4749 io
1772 4667 1867 4769 hisce

230 4771 373 4847 ciensrs:
404 4774 575 4847 immo&
597 4777 790 4858 Ueiorum,
818 4776 908 4851 uode
934 4805 996 4851 na·
1106 4778 1309 4876 regionibus
1334 4778 1451 4852 Silvae
1478 4807 1518 4853 ac
1545 4785 1722 4869 Nemora,
1745 4772 1867 4849 Theu-
1942 4798 1944 4802 ’

229 4897 308 4954 tum
336 4872 523 4974 adagium:
556 4879 675 4946 Menae
699 4876 809 4971 l’orsa
833 4907 854 4950 a
880 4885 996 4950 Made·
1104 4878 1226 4955 daldus
1267 4884 1352 4952 vero
1392 4879 1559 4956 Marchio
1596 4874 1785 4958 Adelberti
1824 4870 1868 4948 fi·

229 5011 273 5061 na
286 5011 309 5075 ;
348 4977 392 5054 ad
431 4972 675 5077 deignandam
713 5004 787 5056 rem
828 5006 995 5081 perquam
1105 4981 1198 5079 lius,
1225 4979 1480 5062 Monasterium
1504 4983 1596 5063 illud
1620 4981 1772 5062 fundam
1790 4978 1869 5051 An·

1681 5134 1685 5141 ·
1770 5104 1821 5157 no
