4216 6014
127 299 154 362 υ
272 335 354 425 „5
536 276 985 427 Aurr'ouru.
1033 295 1296 395 rtrum
1330 306 1525 396 Arri
1703 330 1787 430 35⁶

209 423 397 499 Baluzrum
436 427 559 500 Tomo
600 426 718 527 primo
762 453 839 540 pag.
882 451 969 524 441.
1011 452 1045 524 Α
1086 423 1138 497 ria
1165 443 1318 527 pugnat,
1357 452 1471 525 neque
1496 426 1675 529 Epuelram
1703 431 1856 534 Reguis

208 526 474 623 Capitularium
501 526 646 616 fecerit,
682 528 871 626 iuqurencc
908 536 972 601 Per

206 628 335 698 Padurn
360 629 509 723 fluvium
542 631 674 701 termino
713 631 971 728 correptorisque

206 744 251 797 αα
272 725 358 816 fiores
383 731 608 829 Regiensim,
634 730 880 806 &civitatem
899 739 969 806 No-

205 834 737 1010 {scissibilis
759 837 969 1037 {iiiiii

206 1032 426 1108 mentionem
461 1034 500 1110 iu
527 1033 665 1113 Chatta
698 1037 855 1137 Eriberti
880 1037 969 1129 Epi·

206 1131 304 1230 scopi
347 1136 563 1214 Mutinensis
614 1143 724 1215 Anno
770 1143 967 1219 MLxxv.

205 1231 357 1333 scripta,
383 1265 490 1338 quam
517 1239 596 1316 dedi
624 1240 724 1344 supra
759 1243 799 1318 ir
837 1243 968 1316 Differ-

204 1335 344 1412 tatione
371 1347 416 1416 V.
441 1346 482 1414 de
507 1344 669 1418 Ducibus.
693 1344 886 1419 Moenibus
907 1367 969 1415 au·
1017 1375 1045 1445 B

204 1452 278 1511 tem
315 1441 522 1542 cingebatur
558 1449 664 1521 Nora
703 1445 769 1519 illa
803 1442 968 1532 Civitas,

203 1557 310 1638 atque
336 1543 373 1617 id
401 1546 553 1620 coullare
599 1544 732 1644 poterit
767 1572 811 1619 cx
837 1543 968 1618 tabulis

202 1637 243 1714 in
270 1644 434 1720 Archivo
473 1646 739 1721 Canonicorum
779 1643 968 1721 Mutinen-

203 1739 291 1816 fium
343 1745 532 1823 adservatis
586 1749 622 1823 dc
665 1745 806 1848 seriptis
859 1753 969 1824 Anno

203 1845 424 1924 DCCCLV.
443 1874 592 1950 quarum
608 1849 890 1953 Chronologicas
905 1876 969 1924 nu·

202 1961 257 2020 tac
284 1949 413 2026 eruditi
442 1953 641 2052 expendant
665 1952 797 2029 velim:
827 1958 969 2046 Impera·

201 2047 324 2122 roribus
368 2055 503 2127 Domris
542 2055 653 2142 nostris
694 2055 886 2129 Hlotborios
925 2055 969 2125 Θ·

202 2153 401 2240 Lodowicor
416 2154 493 2246 silio
514 2157 604 2248 esus,
631 2156 890 2251 excellerriffirris
904 2160 968 2228 lm·

1085 551 1198 624 neque
1241 531 1373 620 Imperii
1406 527 1573 604 exhibet.
1613 537 1724 606 Seeros
1763 556 1845 609 ran·

1086 628 1271 704 tummodo
1314 633 1501 730 legendum
1547 630 1716 707 videtur.
1757 640 1845 711 Erat

1086 751 1260 828 praetcrea
1295 757 1402 833 prope
1428 732 1539 834 ipsam
1575 735 1752 808 Civitatem
1777 743 1847 808 Ne-

1083 858 1160 904 uam
1185 831 1379 908 Castellum
1405 834 1665 912 construiium.
1707 840 1762 909 Eu
1796 837 1850 909 al·

1083 949 1209 1022 teram,
1235 934 1404 1010 Chartam
1439 937 1592 1039 ejusdem
1634 934 1848 1013 Mutinense

1083 1035 1271 1111 Tabularii
1290 1035 1478 1136 scriptam,
1504 1043 1718 1136 Bererrgarios
1734 1039 1851 1137 gratia

1082 1137 1148 1208 Dei
1173 1146 1246 1211 Reor
1270 1140 1321 1212 bic
1346 1140 1382 1211 ire
1408 1141 1529 1224 stolia,
1562 1150 1666 1216 Aroe
1693 1140 1849 1240 Vigesimo

1083 1243 1234 1328 Quarto,
1266 1242 1321 1312 dir
1354 1242 1458 1337 primo
1492 1245 1534 1314 ab
1572 1242 1685 1336 Mersa
1702 1244 1846 1335 Julius,

1078 1336 1341 1431 porrodicium
1365 1343 1634 1437 Quanadeeim,
1659 1341 1745 1420 idest
1768 1351 1849 1419 An·

1081 1461 1131 1510 no
1157 1437 1290 1515 christi
1316 1445 1550 1520 nccccxl.
1578 1445 1634 1521 Ibi
1659 1443 1849 1522 Guttosre·

1082 1537 1145 1613 dus
1180 1540 1373 1643 Episcopus
1421 1543 1634 1620 Mutinensis
1676 1546 1847 1644 quasdam

1080 1642 1253 1717 terracin
1279 1645 1531 1740 emphyteusim
1558 1647 1742 1729 concedit,
1782 1671 1844 1743 po·

1075 1740 1157 1828 ficas
1182 1743 1269 1834 irsro
1292 1747 1464 1834 Castellum
1489 1748 1651 1835 nostrum,
1690 1753 1775 1844 quod
1798 1747 1845 1834 es!

1082 1841 1263 1934 edificatore
1289 1868 1381 1943 prope
1405 1873 1511 1918 moras
1535 1849 1697 1919 Civitatis
1722 1853 1849 1920 Nouo.

1082 1941 1247 2017 Alteram
1290 1944 1410 2044 accipe
1462 1966 1641 2019 exaratam
1694 1966 1851 2042 regnante

1082 2049 1225 2116 Domous
1249 2043 1464 2142 Berengcrius
1485 2047 1598 2143 gratio
1624 2045 1691 2119 Dei
1721 2049 1850 2121 Reate

1082 2141 1117 2217 io
1143 2147 1244 2218 Iresia
1268 2152 1371 2220 Arno
1397 2146 1550 2243 Vigesimo
1582 2147 1717 2248 seprirrro
1729 2198 1742 2231 ,
1768 2148 1846 2222 Pri·

200 2253 356 2348 perororis
381 2257 543 2353 Auguslis
567 2288 588 2330 a
610 2258 969 2349 Deoeemae1'5‚,a„.
1008 2278 1044 2356 c
1079 2247 1134 2319 die
1158 2247 1329 2321 Kalendas
1352 2249 1486 2344 Aprilis
1507 2273 1566 2342 per
1591 2244 1766 2330 srdiiliorre
1783 2256 1845 2320 se-

204 2377 245 2423 oo
265 2355 400 2451 pictoris
425 2358 556 2450 imperii
580 2385 684 2430 corum
713 2364 781 2432 Deo
804 2379 969 2455 proteger-
1080 2349 1213 2431 eorda,
1256 2348 1323 2422 hoc
1349 2347 1396 2424 est
1421 2353 1532 2425 Anno
1573 2352 1838 2428 DCCCCXIV·

202 2471 235 2522 re
270 2458 443 2552 Trigesimo
476 2467 593 2541 Sexto,
628 2463 664 2533 δι
699 2468 795 2533 screto
821 2461 968 2550 Decimo,

203 2552 262 2627 die
290 2564 413 2632 XXIX.
438 2563 480 2631 dc
503 2560 617 2651 Mense
634 2564 750 2653 sulio,
791 2560 969 2635 sodiiiiooe

205 2658 337 2728 Tertia.
352 2661 481 2732 Placuit
500 2680 594 2756 atquc
608 2665 756 2733 convenit
771 2663 854 2733 iorer
868 2668 968 2734 Dom-

205 2781 266 2827 rros
283 2763 391 2848 Jonas
418 2760 483 2833 Dei
503 2761 617 2858 gratia
651 2761 823 2858 Episcopus
856 2759 969 2854 senile

203 2857 340 2942 Ecclesie
366 2860 578 2945 Morirersis,
614 2877 667 2936 rre‘c
708 2889 769 2934 noo
795 2862 843 2944 &¹
868 2891 906 2934 err
930 2891 969 2935 α·

203 2956 254 3031 sio
276 2981 367 3055 porte
394 2961 477 3034 incer
494 2964 654 3036 Gorboiro
665 2965 707 3036 de
718 2965 833 3037 Cereio
851 2963 969 3062 (nunc

37 3117 49 3123 -
202 3063 321 3162 Corio)
347 3063 449 3136 livero
472 3065 615 3148 bomine,
641 3087 678 3138 or
704 3065 738 3137 ior
760 3068 821 3139 Dei
846 3065 971 3141 nomine

203 3164 341 3266 ego¹qui
362 3166 460 3263 sopra
485 3168 664 3251 Gorbeim,
692 3168 756 3245 uei
781 3167 857 3239 ruris
881 3169 969 3241 here·
1012 3200 1045 3268 D

202 3263 257 3337 dis
281 3271 423 3341 laborare
448 3266 497 3348 ζα
522 3272 653 3343 excolere
677 3268 808 3344 debeam
825 3296 889 3341 reor
909 3269 969 3364 jar·

202 3366 250 3439 ris
268 3368 358 3461 sacre
383 3371 498 3447 sarili
523 3373 614 3443 Petri
638 3371 809 3467 Apostoli,
843 3373 970 3466 precli

202 3467 377 3551 conssrrriia
402 3471 450 3552 ό*
476 3469 626 3558 edissem
651 3474 740 3545 iocre
768 3476 884 3547 Muros
909 3471 969 3543 Ci-

202 3565 321 3638 viroris
348 3574 465 3644 Noua.
505 3569 603 3644 Hinc
629 3570 819 3649 habemur,
845 3593 969 3643 uume-

203 3682 300 3740 ratos
327 3664 428 3742 fuisse
463 3671 590 3743 Annus
625 3669 773 3776 Imperii
800 3668 967 3746 Lotbarii

201 3768 234 3841 1.
261 3771 318 3842 Au
347 3767 410 3843 usti
453 3768 560 3870 usque
599 3770 644 3846 ad
688 3771 765 3872 ejus
792 3792 967 3854 mortem,

202 3865 274 3942 live
300 3795 408 3970 usque
432 3877 475 3949 ad
502 3873 734 3955 Monallicam
770 3872 897 3950 veliem
924 3875 968 3949 ab

203 3997 248 4044 eu
273 3971 481 4049 assumtam:
518 4002 606 4073 quae
631 3978 734 4054 illiue
758 3975 968 4053 immutatio

202 4070 296 4148 saila
331 4073 377 4148 cll
419 4076 617 4174 Septembri
655 4079 779 4156 Mense
813 4078 966 4182 ejusdem
1015 4051 1045 4123 E

202 4174 305 4251 Anni
344 4180 561 4256 DCCCLV.
601 4181 755 4259 Verum,
788 4184 852 4280 qui
888 4181 967 4258 heic

204 4276 414 4356 describitur
439 4283 566 4358 Aucus
584 4281 832 4365 sextusdecimus
851 4285 967 4371 Impe-

202 4379 253 4455 rii
276 4383 436 4460 Laetorius
460 4388 507 4463 Π.
544 4381 695 4463 omniuo
730 4405 811 4458 cum
846 4379 968 4459 Hillo·
1007 4397 1009 4402 ·

1082 2446 1349 2548 Compleilitur
1370 2436 1603 2552 'pergamena
1638 2452 1700 2527 illa
1733 2451 1841 2526 doua-

1082 2553 1219 2626 tiouem
1254 2549 1383 2624 fassam
1418 2552 1534 2628 cidem
1570 2553 1733 2647 Goresredo
1757 2551 1845 2651 Epi·

1075 2653 1166 2750 scopo
1188 2655 1230 2725 de
1251 2654 1372 2750 preioso
1396 2676 1463 2728 ααα
1485 2657 1526 2728 dr
1563 2676 1668 2740 cerro,
1702 2682 1760 2753 que
1788 2678 1847 2727 're-

1076 2751 1165 2848 jacet
1188 2754 1281 2852 longo
1305 2779 1393 2825 muro
1416 2765 1458 2827 dc
1481 2755 1618 2844 Caslello
1643 2757 1717 2856 (eu
1740 2752 1845 2833 Itali-

1083 2880 1161 2929 cam
1186 2855 1394 2956 Linguam:
1423 2857 1495 2956 jam
1520 2858 1617 2933 cuim
1644 2876 1722 2933 tum
1748 2857 1847 2933 dice·

1084 2957 1168 3030 baut
1193 2959 1290 3055 longo
1316 2958 1343 3028 ii
1367 2985 1455 3030 muro
1476 2959 1728 3060 del.Caslello)
1763 2965 1848 3058 quod

1082 3057 1125 3147 est
1150 3056 1333 3151 edificatum
1356 3079 1452 3157 prope
1469 3086 1574 3135 rrrrrat
1590 3062 1754 3135 Civitatis
1777 3065 1851 3134 No-

1082 3187 1147 3233 ve.
1187 3161 1369 3236 Habemus
1408 3179 1484 3237 tum
1509 3160 1610 3244 heic,
1636 3180 1712 3237 tum
1738 3161 1849 3260 supra

1083 3265 1226 3345 Mures,
1265 3261 1440 3338 indicium
1475 3260 1651 3338 uidelicet
1680 3261 1848 3363 Linguae

1085 3363 1271 3464 vulgaris,
1306 3363 1364 3439 cui
1399 3363 1515 3441 dicere
1538 3363 1580 3440 iu
1614 3360 1849 3441 uiueret&

1084 3463 1196 3539 adhuc
1231 3466 1277 3539 est
1311 3466 1342 3537 le
1367 3471 1489 3543 Mure.
1530 3471 1586 3543 De
1625 3466 1747 3544 eodem
1774 3471 1851 3541 Ca·

1083 3564 1181 3639 slello
1206 3564 1301 3661 sorra
1325 3568 1506 3643 Ciuiracerr
1529 3575 1662 3646 Novae
1677 3567 1747 3644 alia
1765 3592 1846 3640 mu·

1083 3687 1251 3743 uumeuta
1291 3671 1487 3769 loquuntur
1527 3669 1619 3769 apud
1658 3668 1845 3787 Silliupar-

1083 3766 1166 3841 dum
1193 3772 1227 3845 &
1257 3770 1488 3871 Ugbellium.
1530 3776 1709 3849 Praeterea
1733 3766 1845 3846 Curi·

1083 3869 1169 3944 tatis
1205 3871 1356 3971 ejusdem
1397 3874 1535 3951 mentio
1569 3872 1660 3949 milui
1685 3869 1845 3961 occurrit

1082 3970 1122 4048 in
1132 3969 1279 4048 informi
1290 3975 1444 4072 quodam
1470 3993 1731 4060 monumento,
1748 3971 1847 4071 quud

1083 4073 1177 4149 inter
1211 4076 1333 4153 rudera
1379 4077 1595 4179 praelaudati
1635 4072 1844 4152 Mouaslerii

1084 4178 1353 4264 Nouautulaui,
1388 4179 1558 4283 seriptum
1593 4173 1845 4276 antiquiffimic

1083 4278 1365 4364 characteribus,
1409 4283 1550 4384 reperi,
1596 4300 1702 4379 atque
1740 4275 1849 4362 heic»

1083 4381 1338 4486 qualecumque
1364 4382 1428 4468 stt,
1453 4385 1590 4464 editum
1615 4381 1725 4459 volo.
1852 4465 1855 4469 ,
