4216 6014
286 338 371 446 '323
565 258 1565 453 aritmethmeurrnurr
1706 352 1831 475 3²4,

226 455 437 547 pag.1081.
464 449 704 528 bacchabere
733 452 988 523 Placenrr'ne‘re-
1025 455 1059 527 A
1098 454 1219 528 venire
1243 454 1378 628 polbt.
1415 452 1641 530 Discriminis
1674 453 1774 557 hujus
1816 480 1860 532 tn

225 551 384 623 duxerunt
410 582 511 629 naves
537 555 630 649 usque
663 553 709 625 ad
741 553 845 642 ripam
880 551 988 642 Padi,

225 674 306 746 quae
332 655 374 743 eli
399 663 512 728 versus
544 653 759 726 Placentiam.
797 653 864 721 Sea
899 657 988 723 Lau-

226 753 336 847 dcnses
363 757 397 828 in
423 761 556 853 quodam
582 757 724 844 Meqann
736 797 749 832 ,
797 750 854 848 qui
880 753 989 843 Insula

226 854 346 929 dicitnr
357 906 367 938 ‚
406 858 556 950 praelium
590 878 658 922 cnm
684 852 880 923 Placentinis
907 854 987 923 inci-

221 956 347 1053 pientes
372 957 438 1025 &e
466 953 530 1025 Sed
552 949 768 1052 potillimum
789 954 987 1024 Ferraricn·

226 1055 269 1128 fis
296 1081 395 1152 ager,
425 1053 610 1149 postremus
638 1078 789 1149 nempe,
816 1051 854 1124 in
881 1079 985 1150 quern

227 1157 340 1227 Padus
367 1152 561 1242 influebat,
597 1152 781 1250 paludibus
815 1153 905 1225 olim
933 1172 984 1225 at-

225 1280 295 1350 que
321 1255 555 1350 stagnantibus
581 1255 682 1349 aquis
701 1253 876 1326 obnoxius
896 1251 986 1328 fuit.

1097 557 1208 629 cauffa
1258 557 1381 630 ortalle
1421 555 1530 631 luerit
1557 576 1722 630 tertarum
1748 577 1856 654 atque

1097 658 1184 731 adeo
1224 656 1426 755 pascuorum
1455 676 1591 731 mutata
1618 675 1767 748 natura,
1792 675 1856 730 aut

1097 760 1199 855 culpa
1225 758 1413 858 rejicienda
1441 757 1487 830 est
1513 761 1551 832 in
1577 757 1779 832 rusticorum
1802 756 1862 856 pi-

1095 858 1262 957 gritiem,
1304 857 1367 955 qui
1408 857 1495 931 vivo
1532 883 1634 930 amne
1672 886 1758 932 oves
1783 885 1858 932 noo

1096 978 1268 1055 purgantg
1311 959 1411 1057 ajunt
1436 959 1532 1031 enim
1561 956 1690 1056 periti,
1738 962 1859 1034 lanam

1094 1056 1220 1129 ouibus
1247 1057 1371 1132 nostris
1398 1059 1450 1132 ita
1478 1057 1632 1159 purgatis
1661 1059 1860 1135 detrablant

1095 1153 1291 1231 subtilitate
1327 1184 1366 1231 ac
1404 1160 1560 1233 mollitie
1601 1186 1680 1232 cum
1707 1161 1864 1260 optimis

1097 1275 1251 1333 certare.
1287 1263 1409 1353 Quum
1437 1285 1520 1360 ergo
1547 1277 1603 1332 tot
1628 1261 1743 1351 olim,
1780 1264 1864 1337 bar-

225 1357 328 1429 Teste
358 1356 535 1429 Radevico
576 1355 654 1428 Lib.
691 1358 716 1427 1.
743 1358 830 1450 Cap.
856 1378 918 1449 45.
945 1355 989 1427 de
1029 1372 1057 1443 Β
1098 1358 1217 1432 barico
1243 1359 1444 1459 praesertim
1472 1388 1586 1451 aevo,
1612 1360 1794 1434 Paludibns
1818 1391 1863 1438 ac

73 1472 79 1562 Ἰ
224 1454 315 1527 Gest.
355 1454 524 1529 friderici
566 1458 593 1528 l.
636 1460 745 1528 Anno
772 1458 988 1530 MCLVlll.

224 1555 419 1631 Ferrariam
448 1576 674 1656 penetrarunt
714 1558 836 1656 copiae
874 1560 988 1654 lmpc-

224 1657 355 1731 tatoris
392 1657 585 1741 friderici,
621 1655 799 1755 Civelque
825 1656 988 1730 mandata

226 1758 406 1858 Principis
451 1758 561 1833 lacere
607 1772 815 1860 coigerunt:
863 1765 918 1830 Ea
942 1785 987 1828 rer

228 1862 427 1935 incredibilis
451 1862 524 1955 uisa
548 1862 610 1947 eli,
646 1891 679 1933 eo
703 1865 785 1956 quod
810 1860 988 1947 Ferraria,

225 1967 319 2036 Pado
353 1965 470 2037 ibidem
506 1965 728 2058 inllegname,
764 1959 812 2039 ὅγ’
850 1962 988 2033 Paludes

227 2063 473 2158 impermeabiles
496 2064 650 2154 faciente,
686 2063 877 2134 munimento
911 2064 990 2133 loco-

225 2187 295 2236 mm
315 2163 444 2257 fidens,
470 2193 588 2237 omnem
601 2164 757 2238 viciniam
777 2164 870 2255 suam
892 2163 991 2234 intre·

1095 1461 1202 1532 Silvis
1228 1481 1441 1560 premeretur
1467 1462 1591 1536 Italiae
1630 1459 1859 1560 superficies,

1095 1587 1136 1633 ac
1181 1562 1365 1661 praecipue
1411 1563 1449 1637 in
1486 1559 1666 1636 montibus
1714 1567 1856 1633 Nemora

1097 1662 1333 1745 abundarent,
1360 1663 1571 1761 consequens
1597 1660 1668 1749 est,
1707 1680 1746 1734 ut
1771 1663 1855 1759 opi-

1098 1788 1220 1836 nemur
1245 1766 1351 1862 longe
1377 1764 1550 1837 minorem
1570 1763 1615 1836 iis
1635 1762 1857 1858 temporibus

1096 1865 1200 1959 qoam
1243 1862 1364 1935 nolitis
1403 1861 1501 1934 fuisse
1528 1861 1766 1933 habitatorum
1794 1885 1860 1931 co·

1096 1962 1212 2062 piam.
1240 1967 1323 2037 Non
1350 1959 1445 2035 enim
1475 1962 1589 2056 plures
1616 1959 1747 2031 incolas
1770 1984 1860 2033 arva

1096 2064 1221 2139 habere
1239 2062 1516 2151 consueverunt,
1541 2064 1647 2158 qubm
1667 2061 1758 2133 alere
1779 2058 1862 2155 pos·
1916 2147 1934 2162 ο
1980 2095 1990 2105 -

1096 2163 1187 2253 bnt,
1224 2162 1286 2237 nili
1324 2162 1389 2236 bnt
1415 2160 1616 2255 maritimae
1658 2161 1768 2233 Urbes
1795 2186 1863 2234 ne·

223 2266 308 2363 pide
332 2293 369 2338 ac
388 2267 523 2358 superba
549 2270 665 2338 rideret
688 2288 782 2363 atque
806 2264 990 2358 despiceret.
1029 2274 1063 2346 C
1097 2265 1199 2383 gptio
1238 2263 1420 2350 auditne,
1466 2265 1509 2336 ad
1554 2288 1640 2358 quas
1667 2260 1770 2334 facile
1798 2285 1864 2334 na·

230 2365 430 2442 Plurimum
457 2368 559 2443 debet
586 2366 732 2443 Ciuitas
758 2366 823 2439 illa
859 2365 991 2438 Atelli·

228 2467 285 2542 nis
315 2470 560 2568 Principibus,
596 2468 690 2568 quod
725 2467 771 2540 iis
808 2465 991 2565 praecipue

231 2568 435 2643 curantibus
462 2570 574 2644 vallus
600 2595 681 2668 ager
707 2591 866 2643 vomeres
895 2591 991 2639 acce·

229 2669 343 2770 perit,
379 2696 419 2744 ac
447 2671 585 2744 mellent
612 2668 740 2744 exinde
776 2664 991 2740 reddiderit.

249 2811 252 2815 <
283 2774 396 2845 Porro·
412 2769 621 2845 incredibile
639 2769 707 2855 est,
727 2769 898 2862 quantum
922 2765 991 2838 im-

230 2889 367 2945 mutata
395 2870 514 2948 sensim
542 2870 650 2946 fuerit
676 2867 879 2941 Italicarum
916 2863 992 2938 Ur-

229 2971 329 3046 bium
348 2976 383 3045 &
405 2975 565 3046 locorum
586 2971 734 3046 illorum
756 2966 883 3057 facies,
902 2992 991 3065 quae

229 3072 268 3158 in
297 3072 447 3174 planitie
475 3071 596 3148 fluviis
634 3067 898 3150 conterminae,
931 3094 991 3142 eo·

229 3200 378 3275 tumque
418 3173 711 3249 inundationibus
751 3169 928 3244 obnoxiae
954 3195 991 3242 e·

1097 2391 1195 2439 vtum
1241 2391 1308 2456 ope
1347 2390 1486 2437 annona
1521 2382 1722 2462 opportuna
1747 2359 1863 2436 deler-
1894 2447 1898 2458 1

1098 2489 1180 2539 tur.
1208 2469 1314 2539 Tunc
1335 2484 1457 2537 ‘autem
1485 2489 1556 2536 non
1585 2463 1676 2536 levis
1698 2487 1863 2562 agrorum

1099 2593 1175 2666 pars
1203 2565 1339 2640 inculta
1366 2566 1522 2664 jacebat.
1550 2567 1684 2638 Verum
1712 2563 1772 2637 ubi
1799 2582 1865 2639 aut

1096 2668 1189 2767 pacis
1216 2666 1402 2740 commoda
1428 2665 1565 2739 animos
1596 2663 1739 2764 Populis
1764 2663 1860 2739 lece-

1095 2794 1153 2859 re,
1180 2785 1240 2841 aut
1267 2768 1442 2867 augendae
1469 2765 1519 2839 rei
1548 2765 1724 2863 cupiditas
1743 2763 1860 2866 segni·

1095 2867 1181 2942 tiem
1209 2896 1253 2942 ex
1279 2894 1400 2941 eorum
1428 2866 1569 2966 pellore
1592 2865 1753 2958 amovit,
1779 2865 1858 2941 sen·

1096 2968 1156 3042 lim
1206 2974 1361 3044 Nemora
1412 2967 1570 3043 exscindi
1613 2970 1648 3041 ἃ
1684 2967 1855 3043 eradicari

1096 3088 1219 3168 coepta
1245 3069 1346 3151 lunt,
1372 3072 1407 3141 δι
1429 3068 1623 3163 coliloca,
1652 3068 1743 3142 unde
1779 3088 1862 3144 tan-

1096 3171 1174 3244 dem
1220 3169 1446 3244 abscellerant
1489 3168 1678 3268 stagnantes
1713 3193 1859 3265 aquae.

227 3295 328 3350 tant.
366 3281 483 3366 Sunt,
523 3277 561 3349 in
589 3274 717 3372 quibus
745 3297 822 3346 area
849 3268 930 3356 loci*
948 3268 991 3342 ad
1029 3293 1065 3363 Β
1098 3277 1212 3346 Immo
1238 3277 1281 3346 eb
1307 3270 1494 3353 bominum
1518 3266 1704 3344 concordia
1730 3294 1771 3342 ac
1798 3266 1857 3343 in-

228 3376 371 3456 decem,
411 3376 545 3473 viginti
580 3379 615 3446 te
643 3377 736 3448 ultra
762 3370 902 3445 cubitos
928 3397 991 3444 ex·

229 3475 365 3547 crevit.
403 3479 526 3570 Atque
552 3475 590 3546 in
618 3472 742 3570 primis
782 3469 991 3543 Mutinenfis

227 3569 397 3658 Civitas,
442 3571 635 3643 ludibrium
672 3568 763 3642 olim
799 3568 991 3641 errantium

230 3669 446 3751 fluviorum,
473 3672 545 3743 alte
571 3668 716 3743 delollas
742 3667 919 3740 interdum
938 3694 992 3742 re·

157 3802 161 3811 ¹
229 3772 323 3872 perit
358 3770 524 3870 antiquae
565 3769 731 3847 Mutinae
756 3768 901 3850 ruinas,
940 3768 992 3842 ita

230 3892 271 3948 ut
306 3873 367 3947 ubi
412 3899 503 3948 nunc
548 3872 775 3949 fundamenta
819 3895 991 3944 novarum

229 3974 368 4050 aedium
405 3973 623 4064 statuuntur,
659 3974 711 4049 ibi
747 3971 905 4048 culmina
932 3998 993 4045 re·

226 4097 344 4152 terum
361 4075 549 4149 conllitille
563 4075 752 4150 videantur
763 4079 893 4150 .l·laec
909 4071 994 4148 scri-

1098 3373 1226 3448 dullria
1261 3371 1397 3464 crevit,
1439 3390 1480 3448 ut
1523 3387 1689 3472 vagantes
1730 3366 1862 3445 fluvios

1099 3475 1281 3573 aggeribus
1307 3473 1503 3564 aestarent,
1549 3469 1709 3571 follisque
1753 3469 1864 3545 dedu·

1100 3574 1170 3647 uis
1198 3575 1385 3670 paullatim
1412 3572 1579 3649 fictarent
1614 3568 1769 3648 ulvosum
1795 3595 1859 3644 an-

1102 3694 1157 3747 tea
1203 3674 1456 3774 palullremque
1500 3677 1689 3751 tellurem.
1732 3668 1860 3747 Adfert

1100 3773 1361 3871 supralaudatus
1397 3775 1609 3852 bacchinius
1653 3774 1693 3849 in
1728 3770 1860 3848 Histoe.

1102 3873 1362 3949 Padorilonens.
1374 3902 1449 3975 pag.
1462 3902 1525 3976 92.
1540 3872 1864 3977 appendicem:-

1100 3994 1174 4050 tanr
1201 3974 1353 4077 ejusdem
1394 3978 1605 4053 Comitiliae
1639 3973 1864 4066 Matbildis,

1100 4104 1188 4175 quae
1229 4081 1341 4153 Anno
1379 4081 1540 4176 Mcxtt.
1568 4076 1705 4153 Abbati
1740 4073 1863 4151 tenui

152 4232 158 4239 -
229 4180 285 4257 bit
310 4178 434 4254 Strabo
461 4179 545 4256 Lib.
567 4181 613 4250 V.
643 4177 841 4276 Gcograph.
869 4182 995 4248 Lanam
1030 4196 1061 4266 E
1102 4177 1285 4256 Benedibli
1338 4178 1449 4256 donat
1492 4188 1642 4263 Tarnim⁸
1671 4180 1861 4277 quamdam,

229 4283 377 4371 mollem,
404 4282 449 4352 Θ·
473 4281 612 4354 amnium
637 4279 729 4372 lange
752 4278 904 4371 eptimam
921 4297 995 4370 pre»
1100 4309 1180 4376 qnae
1204 4307 1287 4352 nune
1309 4281 1516 4379 exstirpatur,
1556 4302 1708 4380 exparte
1738 4277 1865 4371 stirpe-

227 4392 347 4457 ducunt
370 4385 439 4456 loca
462 4384 543 4458 circa
569 4380 737 4455 Mutinam
765 4373 843 4474 (aa
860 4385 902 4448 ele
924 4399 996 4448 aar·
1100 4401 1188 4472 tam,
1213 4408 1252 4452 ere
1274 4401 1365 4471 parte
1390 4412 1458 4456 cnm
1482 4386 1608 4472 Siloa,
1634 4408 1714 4481 quae
1739 4379 1781 4468 est
1802 4399 1865 4471 ρο·

228 4488 336 4584 etrm)
362 4488 410 4568 ῤ’
429 4493 601 4560 Statariam
612 4484 759 4580 flamm,
785 4476 994 4571 Legendum
1095 4481 1162 4565 fita
1188 4482 1222 4553 in
1248 4484 1351 4557 Curia
1384 4482 1511 4579 Maffae
1546 4486 1633 4578 infra
1671 4480 1869 4556 Comitattrm

230 4609 404 4675 zuarinae,
443 4584 513 4661 stre
538 4588 766 4660 Scultennam.
805 4576 996 4674 Tempoti·
1101 4585 1298 4676 ferrariae,
1323 4588 1358 4658 ire
1379 4587 1485 4678 fundo
1508 4591 1590 4684 quad
1611 4586 1731 4660 dicitur
1764 4585 1868 4654 Mar·

234 4687 298 4760 bus
324 4687 446 4762 nostris
481 4713 681 4785 quanquam
713 4673 925 4759 Mutinensis
960 4703 997 4751 a·
1096 4685 1240 4783 μήνιος
1274 4715 1296 4758 a
1324 4687 1457 4778 secanda
1488 4689 1591 4784 eapite
1626 4687 1751 4766 Palas,
1784 4705 1868 4780 quar

232 4786 288 4890 gri
331 4789 411 4861 lana
446 4791 562 4861 multo
597 4785 639 4858 stt
664 4785 704 4858 in
731 4781 873 4882 pretio,
899 4795 997 4851 tam
1101 4787 1219 4861 dicitur
1242 4789 1429 4878 Athela,-
1451 4789 1494 4865 ab
1517 4791 1619 4864 altere
1643 4789 1742 4858 latere
1767 4792 1868 4858 Ran-

225 4909 352 4966 -tamen
388 4886 489 4963 illius
531 4883 738 4984 praestantia
764 4879 915 4955 minime
940 4881 997 4954 vi·
1101 4889 1175 4960 ebus
1199 4892 1238 4960 de
1254 4889 1407 4980 ananne
1430 4889 1616 4976 Anestafii.
1642 4887 1779 4963 Eodem
1796 4883 1867 4957 llu-

232 4993 356 5090 detur,
384 5009 425 5069 ut
449 4989 626 5094 peculiare
651 4980 811 5088 elogium
852 4981 887 5058 ei
913 5006 999 5056 con·
1101 4986 1229 5070 dio&
1255 4988 1337 5069 aliis
1362 4989 1463 5066 terris
1489 4988 1561 5069 suis
1577 4989 1769 5067 adhibuere
1785 4982 1866 5060 cul·
