4216 6014
297 319 382 421 643

564 305 1013 428 aurinum:
1060 303 1322 405 nnnrr
1360 303 1551 396 Avvr
1729 303 1821 419 '644'

236 421 416 507 veniunt,
450 423 629 509 &adhuc
656 427 836 525 Magistri,
872 425 943 501 five
970 429 1009 499 1-
1037 439 1076 511 A
1113 443 1268 508 vocant,
1302 425 1505 520 Μαίων
1531 419 1745 524 multiplicis
1772 422 1886 523 gene·

235 522 345 599 talice
368 525 491 613 Moliri
515 529 551 600 dt
575 528 716 616 Mulie?
737 545 1003 617 nuncupantur.

234 626 328 698 Sunt
353 626 533 703 Matthaei
561 629 702 703 Villani
729 629 833 702 verba
860 629 944 706 Lib.
969 633 1003 705 8.

233 727 323 826 Cap.
351 734 411 822 58.
437 732 536 803 Tarii
559 731 678 822 malchi
700 757 718 800 e
738 731 910 823 femmine,
934 733 1004 830 pie-

230 828 292 896 coli
316 834 506 928 egerendi,
531 833 573 903 vi
599 831 719 925 fumeo
739 854 800 928 per
824 833 1004 921 Maelirie

234 931 435 1006 Maevmlr‘.
462 932 517 1007 Ita
543 934 579 1005 δι
608 931 702 1032 apud
728 933 818 1009 alios
844 934 1002 1034 Scripto-

233 1055 308 1102 res.
334 1031 464 1106 Eidem
484 1032 529 1106 de
547 1033 666 1109 caussl
685 1035 904 1134 temporibus
923 1038 1001 1111 bar·

235 1129 365 1204 baricis
400 1133 442 1206 ad
479 1134 618 1212 vidium
654 1136 796 1212 homini
831 1165 1000 1238 quaeren-

232 1227 345 1313 dum,
371 1230 410 1308 δι
438 1235 481 1310 ad
507 1236 721 1313 excolendos
745 1265 874 1341 agros,
910 1267 1001 1314 nun·

1111 524 1192 625 ris;
1227 527 1361 611 Lentu,
1395 527 1538 609 saun,
1567 551 1657 625 quae
1684 524 1789 622 Srligo
1817 548 1888 597 au-

1111 626 1296 726 tiquorum
1331 627 1488 703 creditur
1524 624 1734 714 Mattiolo,
1768 622 1885 698 Scali-

1110 755 1195 831 gero
1222 748 1341 805 tamen
1376 747 1618 829 repugnante;
1661 726 1888 818 Lupinvrvm,

1108 838 1273 921 Avenae,
1295 831 1462 924 Pisaeum,
1488 857 1578 930 quae
1604 829 1725 922 Pilati
1748 831 1888 900 Romae

1107 928 1148 1005 δι
1175 932 1287 1018 alibi.
1314 959 1336 1007 a
1361 929 1623 1008 Mutinensibus
1651 935 1739 1003 vero
1765 928 1890 1000 Redeo

1107 1033 1341 1134 vocitantur3
1385 1033 1484 1131 cujus
1529 1032 1677 1104 alteram
1726 1026 1882 1127 speciem

1107 1133 1302 1225 habemus,
1338 1161 1428 1231 quae
1463 1161 1483 1207 a
1520 1128 1741 1205 Florentinis
1768 1129 1887 1202 Rubi·

1104 1235 1178 1330 gliae
1200 1232 1376 1332 (sortaffis
1396 1233 1531 1311 Ervilla
1552 1232 1749 1328 Varronis)
1774 1257 1793 1303 a
1816 1256 1883 1303 ru-

232 1356 338 1429 quam
364 1334 502 1412 defuere
525 1337 633 1452 periti
657 1366 698 1413 ac
720 1339 858 1441 sagaces
883 1340 1001 1415 Rusti·
1044 1342 1075 1412 B
1109 1333 1203 1408 ilicis
1224 1340 1308 1408 vero
1334 1334 1478 1416 nostris,
1502 1335 1537 1405 dt
1563 1334 1605 1405 ab
1631 1330 1800 1430 Hispanis
1818 1327 1882 1403 di·
1937 1373 1942 1380 ·

232 1433 266 1508 ci
293 1431 334 1510 dt
359 1435 896 1538 hortulan1‚instrumenraque
921 1467 1002 1515 om·

230 1531 292 1608 uia
311 1537 568 1635 agriculturae.
594 1540 735 1639 Eosque
755 1541 916 1615 Rullicos
936 1542 1002 1616 lto-

230 1635 385 1712 uorifico
409 1639 592 1716 interdum
618 1639 732 1717 titulo
757 1642 913 1741 Magistri
937 1644 1001 1718 do·

231 1758 337 1812 natos
365 1740 536 1817 invenio.
573 1741 668 1817 Vide
692 1744 864 1821 Chartam
892 1749 1003 1821 Anno

90 1925 96 1936 Ι
231 1834 366 1915 Christi
389 1846 661 1921 Dchxxtx.
681 1845 870 1947 scriptam,
893 1874 999 1947 quam

232 1944 400 2042 evulgavi
454 1944 493 2019 iu
537 1943 724 2021 Chronico
759 1947 999 2067 ‘Vulturnenli

231 2045 837 2225 l?5}.{.⁶.³rdt.‘;.¹.¹.st”¹tl
854 2055 1000 2224 i‘tl'l

1111 1433 1206 1510 citur
1234 1438 1396 1510 Arveia.
1433 1439 1559 1532 Neque
1592 1460 1611 1506 a
1649 1434 1805 1525 lupino,
1828 1435 1885 1506 'ut

1109 1537 1278 1634 opinatur
1315 1537 1535 1637 Menagius‚
1581 1531 1760 1608 descendit
1804 1557 1881 1606 vox

1110 1640 1299 1737 Rubigtia,
1334 1638 1392 1714 sed
1427 1639 1473 1714 ab
1499 1637 1657 1711 nmina.
1695 1631 1879 1709 Bobienfis

1111 1739 1333 1831 Monachus,
1367 1740 1430 1837 qui
1467 1728 1561 1813 circa
1588 1741 1734 1810 Annum
1761 1731 1906 1807 Chri·-

1111 1840 1151 1913 sti
1189 1844 1476 1916 DCCCCXXX.
1504 1837 1678 1915 florebat,
1714 1834 1754 1907 iu
1791 1834 1881 1909 Lib.

1112 1939 1324 2016 Miraculor.
1364 1937 1483 2014 Sansii
1519 1932 1740 2012 Columbaui
1780 1934 1884 2010 edito

1113 2044 1195 2117 curi
1223 2032 1262 2118 Ρ.
1290 2038 1504 2117 Mabillonii
1531 2039 1570 2112 iu
1598 2037 1733 2112 Saecul.
1752 2059 1785 2110 a.
1810 2037 1882 2109 Be·

1112 2142 1285 2221 nedislin.
1311 2170 1388 2243 pag.
1415 2167 1476 2239 43.
1503 2147 1697 2238 legumen,
1717 2134 1797 2225 ait,
1820 2135 1884 2210 Pis

230 2244 366 2342 gillrat,
388 2247 444 2322 doe
465 2249 532 2339 eli,
554 2251 720 2336 villanos,
742 2254 798 2348 qui
820 2280 999 2328 tumematt-
1033 2240 1069 2320 C
1112 2243 1281 2343 (sortasse
1307 2246 1402 2342 Pili)
1438 2248 1523 2340 quod
1556 2241 1663 2328 rustica·
1692 2238 1880 2310 Herbitam

232 2349 346 2420 uarias
364 2348 444 2440 suas
463 2352 555 2441 soliti
573 2351 704 2442 fueraut
727 2355 762 2425 in
781 2355 1000 2448 suprascripta

232 2453 347 2588 quaeq
357 2452 585 2550 lvbgisierium
612 2454 745 2545 facere,
778 2455 858 2545 idest
887 2463 999 2548 tupr-

233 2572 290 2632 rr,
317 2572 392 2629 wc.

283 2655 408 2746 Atque
442 2652 524 2726 heic
557 2654 650 2727 mihi
687 2656 835 2753 praefari
861 2657 1030 2751 liceat„

233 2749 401 2848 accepisse
429 2777 496 2823 nos
520 2753 750 2853 abantiquis
777 2756 933 2846 Seculis,
960 2760 994 2830 δι

232 2847 346 2923 adhue
371 2851 461 2952 apud
492 2853 667 2952 agricolas
700 2855 834 2930 nostros
867 2855 995 2931 servari

231 2951 351 3027 varias
385 2979 548 3028 annonae
583 2951 623 3029 δι
663 2956 885 3057 leguminum
923 2956 998 3057 spe·

231 3049 327 3143 cies,
353 3080 446 3153 quae
462 3054 650 3155 antiquum
669 3059 824 3133 retinent
842 3086 997 3160 nomen3

233 3151 292 3228 sed
318 3157 353 3228 dt
379 3155 468 3232 alias
493 3157 583 3247 elie,
607 3185 699 3257 quae
731 3161 829 3237 aliud
863 3161 999 3236 subiere
1038 3158 1069 3224 D
1110 3157 1280 3247 lumella,
1303 3155 1507 3242 &Plinius
1524 3156 1646 3228 Tritici
1656 3181 1778 3252 genera
1793 3181 1880 3227 eenr-

233 3257 483 3350 vocabulum,
523 3280 778 3361 proptereaque
812 3289 885 3337 non
924 3280 997 3337 tam

176 3373 181 3382 “
234 3353 340 3430 sacile
367 3386 448 3434 cum
475 3359 522 3433 iis
546 3383 819 3458 comparantur,
846 3392 938 3461 quae
962 3394 998 3440 a·

235 3456 306 3558 pud
327 3479 467 3532 veteresv
483 3459 533 3531 rei
555 3462 701 3537 rusticae
722 3466 917 3560 Scriptores
938 3494 1008 3541 oc··

234 3576 406 3632 currunt.
441 3556 606 3631 Fortaffis
631 3561 742 3634 etiam
772 3565 910 3659 aliquas
936 3565 997 3639 lra-

232 3653 378 3737 bemus,
396 3681 483 3755 quas
500 3656 642 3753 antiqui
661 3660 893 3759 ignorarunt,
911 3691 999 3761 qua-

232 3754 282 3831 lis
313 3771 411 3830 cette
442 3755 489 3832 est
514 3761 661 3832 Granum
694 3759 766 3836 five
790 3765 1001 3839 frumentum

233 3857 432 3943 Tunicam,
464 3862 714 3962 appellandum
750 3863 870 3964 potius
905 3871 997 3941 ledi-

232 3984 331 4052 cum,
358 3961 454 4060 quod
490 3990 556 4037 nos
581 3969 818 4057 Frumentoue,
854 3966 1000 4045 Medio·

232 4060 392 4135 lunenses
415 4065 588 4154 Mergane,
613 4067 694 4139 Indi
716 4072 843 4163 Maiz,
865 4074 1000 4175 aliique
1039 4062 1068 4130 Ε

232 4164 317 4241 aliis
350 4161 559 4239 nominibus
591 4163 799 4240 donarunt.
838 4177 931 4249 Sunt
962 4205 998 4250 e-

232 4267 312 4342 nim
338 4268 444 4343 nobis
472 4266 563 4342 duae
585 4266 673 4342 illae
696 4265 818 4339 Tritici
842 4269 1000 4368 species,

232 4371 352 4442 minuti
377 4371 418 4451 δι
438 4371 536 4467 groffi
548 4422 563 4455 ,
596 4368 749 4470 quasin
774 4366 1000 4449 Dissertatio-

233 4493 281 4541 ne
307 4477 407 4549 XIV.
430 4474 608 4547 deservis
640 4472 875 4552 invenimus.
912 4480 1004 4551 Sunt

232 4567 268 4640 dt
304 4592 390 4648 nota
424 4577 571 4650 nomina
598 4577 742 4666 Hordei,
779 4577 901 4659 tutti,
935 4585 1003 4652 Pa-

234 4668 322 4749 ttici,
349 4677 482 4755 Fabae,
510 4680 649 4758 Farris,
674 4679 797 4750 Ciceris
822 4677 914 4754 varii
941 4706 1003 4778 ge·

233 4771 352 4856 nerlS,
380 4771 514 4864 Viciae,
546 4802 654 4867 quam
692 4780 801 4850 Verria
824 4780 1001 4880 dicimu53

189 4931 192 4936 -
234 4878 349 4974 orizae
363 4928 378 4965 ,
402 4899 495 4974 quae
518 4873 625 4943 nobis
651 4874 732 4961 Risu
756 4901 1002 4982 nuncupatur3

232 4985 431 5063 Ciurtulam
466 4996 574 5078 quam
610 4971 837 5051 Mutinenses
863 4983 1003 5077 cisereia

1110 2370 1244 2420 vocatu.
1274 2346 1334 2421 Ab
1361 2346 1510 2418 Herbilr'a
1536 2343 1696 2431 Ervilia,
1723 2337 1880 2438 denique

1111 2450 1263 2529 Erucio,
1289 2465 1350 2522 aut
1374 2447 1526 2521 Aeneia.
1554 2442 1675 2518 Nobis
1700 2461 1878 2540 praeterea

1111 2549 1158 2627 est
1183 2551 1328 2639 Spelda,
1360 2567 1424 2623 aut
1446 2546 1585 2643 spelta,
1613 2570 1721 2640 quam
1747 2541 1878 2620 Latini

1110 2652 1335 2748 appellarunt
1355 2657 1477 2723 Zeam.
1502 2652 1592 2721 Sunt
1616 2643 1657 2721 ἃ
1683 2643 1775 2720 aliae
1799 2643 1878 2744 spe·

1109 2752 1181 2824 cies
1200 2751 1292 2849 apud
1310 2753 1497 2850 antiquos.
1524 2748 1704 2844 Ajebam,
1720 2773 1786 2821 nos
1800 2772 1877 2822 uon

1109 2877 1216 2924 uuam
1242 2853 1387 2944 Tritici,
1420 2851 1491 2925 sive
1516 2850 1691 2922 Frumenti
1722 2845 1872 2948 spetiem

1110 2978 1325 3030 numerare.
1361 2959 1415 3028 At
1447 2952 1600 3053 lingulas
1632 2949 1743 3025 etiam
1774 2948 1877 3024 anti·

1110 3054 1192 3150 quis
1210 3053 1355 3130 Latinis
1374 3073 1477 3129 notas
1493 3053 1649 3151 opinor,
1668 3079 1780 3152 quum
1794 3047 1879 3128 Co-

1109 3259 1207 3352 ptvrae
1238 3257 1342 3334 suiffe
1366 3275 1677 3333 commemorent:
1709 3253 1779 3329 Sed
1810 3281 1878 3331 ue·

1112 3357 1188 3432 scio
1211 3386 1257 3434 an
1282 3358 1322 3435 ἃ
1350 3360 1381 3434 ii
1409 3359 1534 3435 norint
1557 3362 1597 3430 la
1617 3357 1789 3432 turnella
1802 3407 1818 3440 ,
1839 3360 1882 3433 1ae

1112 3463 1272 3551 Melliea,
1298 3464 1324 3532 il
1351 3469 1448 3534 More
1469 3457 1649 3560 (fortassis
1672 3463 1803 3531 Ervum
1826 3459 1879 3534 iis

1111 3564 1218 3659 erat)
1250 3567 1284 3635 ἃ
1313 3564 1339 3633 it
1364 3571 1466 3660 Sargo
1485 3563 1527 3636 in
1554 3557 1808 3636 Veruueuliltus.
1831 3557 1875 3636 ἃ

1112 3662 1318 3737 Vicentinis
1347 3665 1450 3764 ‘agris
1487 3663 1686 3751 usitatum,
1716 3665 1752 3736 dt
1790 3662 1884 3737 alias

1110 3760 1252 3839 sortasse
1290 3764 1479 3865 fingulares
1519 3768 1681 3839 locorum
1726 3762 1883 3863 fruges,

1109 3891 1198 3961 quas
1231 3893 1411 3961 uunquam
1437 3863 1537 3951 vidi,
1570 3863 1628 3935 sed
1660 3862 1772 3936 audio
1801 3864 1880 3938 mis

1110 3964 1209 4041 nime
1242 3967 1380 4043 deesse.
1413 3962 1577 4041 l’rosedtd
1605 3982 1800 4038 occurrunt
1834 3991 1880 4040 a·

1110 4068 1179 4166 pud
1205 4070 1361 4144 Latinos
1393 4069 1462 4144 alia
1496 4065 1721 4166 leguminum
1755 4065 1880 4141 nomi·

1108 4197 1180 4260 na,
1216 4170 1280 4244 sub
1304 4173 1434 4268 quibus
1460 4170 1537 4244 veri
1564 4167 1709 4240 videtur
1732 4164 1875 4250 limile,-

1109 4269 1147 4345 &
1173 4270 1302 4345 nostras
1326 4273 1430 4348 hasce
1450 4269 1583 4367 speeies
1603 4266 1876 4366 comprehendi.

1107 4371 1173 4445 Sed
1199 4372 1382 4449 immorari
1413 4373 1493 4448 lteic
1522 4374 1617 4446 ultra
1648 4394 1723 4443 non
1745 4384 1875 4443 vacat.

1105 4472 1202 4548 Illud
1216 4475 1473 4551 tantummodo
1488 4473 1793 4556 animadvertam,
1807 4494 1876 4545 va-

1105 4574 1171 4649 riis
1196 4576 1406 4652 nominibus
1438 4576 1532 4666 apud
1556 4571 1676 4647 varios
1705 4568 1814 4672 ipsius
1836 4574 1877 4646 1-

1105 4676 1216 4751 taliae
1248 4682 1408 4768 Populos
1440 4679 1580 4752 easdem
1613 4672 1731 4772 stages
1760 4672 1880 4749 inter,

1105 4779 1190 4852 dum
1217 4779 1418 4882 appellari,
1454 4807 1499 4853 ao
1535 4775 1688 4879 proinde
1717 4772 1884 4877 hospites

1104 4878 1144 4953 in
1169 4884 1274 4958 rebus
1304 4880 1556 4985 dignoscendis
1585 4906 1634 4954 ex
1664 4875 1746 4975 ipsa
1770 4904 1884 4954 voea-

1105 4982 1270 5060 bulorum
1311 4984 1520 5062 mutatione
1552 4981 1793 5160 quandoqq}e
1809 5004 1876 5058 uos
