4222 6006
385 312 468 414 m,
654 303 1098 424 Antroutr.
1152 307 1406 395 maara
1454 306 1649 397 aaut
1821 321 1908 420 rr,

320 415 453 508 pillurd
488 418 522 491 in
537 421 610 518 egui
620 476 632 513 ,
673 421 770 521 quod
808 424 965 526 profesio
992 454 1090 528 prae·
1130 429 1166 502 A
1206 423 1374 526 plomatis
1400 425 1576 527 appofita,
1616 426 1656 501 in
1694 424 1821 524 quibus
1847 423 1970 521 capita

324 515 408 595 liare
435 547 502 622 ego
529 524 667 599 nolim:

375 725 496 799 Inclita
517 713 608 826 gesto
642 731 728 814 Dei,
758 730 855 824 series
889 738 1091 809 memoranda

479 831 647 916 Virorum.

423 929 561 1005 virtut
575 932 764 1034 insignique
778 938 944 1036 relegenda
955 959 1088 1036 patene.

323 1131 380 1206 Sic
406 1131 581 1222 Iohannes
609 1138 692 1211 Vll.
721 1143 813 1238 Papa
841 1141 984 1217 circiter
1011 1147 1088 1217 An·

320 1257 406 1306 num
436 1239 605 1311 DCCVI.
641 1239 721 1329 fecie
758 1245 919 1340 Imagines
955 1269 1012 1340 per
1036 1247 1088 1317 di·

1095 546 1100 553 “
1203 547 1395 601 occurrunt
1437 533 1692 626 Imperatorum
1732 548 1793 601 aut
1829 530 1966 624 Regum

1205 627 1389 730 uestigium
1431 630 1575 728 aliquod
1616 629 1793 704 retineant
1839 626 1968 697 ueteris

1202 726 1416 831 elegantiae.
1446 736 1570 831 Neque
1596 733 1784 821 Sculpr'urae
1804 725 1843 803 ἃ
1868 732 1972 800 Aua-

1197 835 1388 931 glypborum
1431 837 1502 908 Ars
1536 834 1598 908 iis'
1620 834 1753 909 Seculis
1780 829 1972 903 desderara

1202 935 1267 1008 est.
1296 940 1402 1010 Nunc
1429 933 1668 1036 Anaglypha‚
1698 934 1768 1007 live
1794 930 1970 1007 Caelatu-

1202 1063 1255 1110 ras
1275 1041 1492 1137 appellamus
1511 1039 1589 1131 baffi
1608 1038 1761 1117 Rilieoi,
1784 1033 1851 1107 save
1872 1056 1967 1103 snar-

1203 1164 1319 1220 more,
1347 1137 1415 1212 stuc
1442 1160 1588 1239 argento
1608 1140 1642 1211 δι
1662 1165 1748 1211 auro
1767 1131 1964 1234 imagines,

1201 1241 1339 1338 aliaque
1366 1260 1572 1313 ornamenta
1600 1238 1862 1336 insculpantur.
1907 1237 1964 1304 De

322 1335 431 1426 versas
457 1339 637 1426 Ecclestas,
673 1367 751 1438 quas
789 1345 972 1443 quicumque
1010 1343 1090 1441 suffe
1131 1344 1159 1414 B
1200 1339 1295 1414 hisce
1322 1341 1459 1415 mentio
1485 1341 1531 1415 esi
1557 1366 1628 1414 non
1654 1340 1758 1413 semel
1791 1335 1881 1433 apud
1901 1338 1966 1407 A·

322 1436 501 1522 defidatur,
536 1442 572 1513 in
598 1445 644 1514 eis
670 1443 740 1536 ejus
765 1449 893 1517 vulsum
927 1446 1090 1539 depiilum

319 1539 474 1628 reperiet.
502 1542 677 1629 Bafisicnm
702 1544 836 1644 itemque
861 1548 1002 1623 „tantiae
1024 1551 1090 1624 Dei

322 1643 517 1733 Genierieis,
559 1648 801 1744 quaerentique
834 1671 991 1744 vocatur,
1033 1653 1087 1746 pi·

321 1737 415 1815 cluet
439 1745 622 1820 decorauit.
649 1752 748 1823 Haec
769 1751 983 1827 Anastafius.
1013 1757 1086 1830 Ne·

319 1866 389 1940 que
424 1843 519 1921 secus
554 1852 746 1948 Gregorius
782 1856 848 1926 lll.
887 1857 1004 1954 Papa,
1046 1876 1087 1931 ut

320 1942 367 2016 est
407 1944 446 2020 in
473 1949 547 2046 ejus
590 1953 704 2034 Vita,
746 1953 920 2038 Bafilicam
945 1959 1086 2030 sannae

319 2046 387 2119 Dei
411 2049 582 2124 Genirrieis
595 2101 607 2133 ,
634 2055 774 2148 quaein
800 2057 929 2152 Aquino
946 2060 1083 2140 dicitur,

317 2174 340 2220 a
378 2147 598 2237 fundamentis
637 2155 806 2252 longiorem
855 2155 903 2235 &
942 2162 1085 2233 latiorem

1199 1441 1377 1516 nastasrum
1421 1440 1763 1518 Bibliothecarium.
1804 1443 1965 1513 Leonem

1198 1543 1413 1626 Ostiensem,
1440 1547 1475 1617 a
1502 1545 1613 1619 alios.
1649 1538 1828 1625 lurerrafile
1854 1537 1966 1613 etiam

1196 1673 1283 1744 opus
1310 1666 1544 1719 memoratum
1575 1644 1692 1718 uideas
1715 1643 1759 1714 ab
1780 1639 1969 1732 antiquis,

1197 1773 1235 1820 ac
1263 1745 1480 1844 potissumum
1518 1749 1560 1819 ab
1601 1745 1724 1818 eodem
1752 1738 1959 1815 Anastasio:
2016 1756 2020 1761 '

1198 1875 1269 1945 quo
1289 1850 1432 1921 nomine
1451 1847 1601 1945 opinor,
1629 1870 1700 1917 non
1722 1866 1864 1914 omnem
1885 1865 1967 1911 cae-

1199 1952 1349 2022 laturam
1377 1947 1574 2047 desrgnari,
1608 1945 1768 2020 sedeam
1796 1944 1964 2028 tantiam,

1198 2077 1287 2148 quae
1327 2049 1518 2125 incidendo
1558 2047 1685 2147 figuras
1731 2043 1966 2124 efformabat,

1198 2173 1239 2226 ut
1258 2151 1304 2225 est
1322 2151 1362 2224 in
1389 2150 1548 2251 sigillis.
1575 2147 1805 2245 calligraphia
1825 2167 1968 2241 quoque

318 2251 514 2336 construxit,
553 2277 648 2352 aeque
685 2259 858 2349 depinxit.
899 2262 1084 2336 Zacharias
1125 2249 1160 2328 C
1198 2251 1373 2352 usquead
1402 2257 1547 2326 Annum
1577 2249 1708 2324 Christi
1731 2245 1967 2322 Millestmum

319 2375 463 2451 quoque
504 2355 644 2432 Primus
693 2359 726 2452 in
767 2363 976 2450 lateranensi
1018 2371 1083 2438 Pa·

317 2453 470 2530 triorchis
489 2457 566 2546 feeit
591 2461 792 2543 triclinium,
828 2472 910 2559 quod
948 2466 1085 2553 diversis

318 2558 526 2630 marmoribus
553 2556 646 2641 &c.‚
684 2564 728 2631 (9‘
759 2562 890 2654 pislurn
930 2569 1083 2639 ornavit.

320 2655 494 2730 Nicolaus
519 2656 628 2728 etiam
659 2661 799 2732 Primus
837 2662 980 2736 circiter
1004 2669 1083 2736 An·

316 2778 403 2827 num
450 2758 666 2832 DCCCLX.
712 2758 901 2834 Ecclesiam
951 2790 1081 2838 nouam

318 2854 389 2930 Dei
425 2855 621 2932 Genitticis
653 2861 777 2955 pulcris
803 2865 847 2932 Ο·
881 2865 987 2937 variis
1007 2868 1085 2958 feeit

316 2957 451 3055 depingi
475 2957 648 3034 coloribus.
676 2960 829 3061 Reliqua
848 2963 979 3056 mitto,
1006 2994 1084 3042 orn-

319 3056 420 3134 niutn
448 3061 531 3134 loco
566 3058 658 3136 illud
695 3089 998 3151 commemorans,
1034 3070 1085 3144 sa·

1198 2354 1359 2454 usurpata
1386 2365 1457 2427 hon
1485 2352 1598 2426 sotum
1626 2351 1664 2424 in
1689 2347 1909 2469 Diplomatis
1928 2347 1967 2419 bc

1198 2456 1335 2547 Bullis,
1363 2453 1419 2529 sed
1446 2456 1480 2527 δι
1509 2449 1632 2528 multis
1654 2449 1876 2532 Codrcibus,
1904 2473 1968 2521 ue·

1197 2558 1317 2638 nulle,
1343 2559 1378 2630 δι
1409 2554 1579 2631 Romanis
1605 2554 1721 2629 literis
1749 2579 1854 2655 manu
1881 2576 1969 2625 ena·

1195 2658 1309 2745 ratis,
1345 2656 1568 2754 speblandam
1606 2655 1639 2729 se
1681 2655 1847 2756 praebet.
1887 2650 1968 2726 Posi

1195 2759 1357 2830 Seculum
1401 2761 1443 2830 x.
1484 2755 1668 2857 plerosque
1708 2783 1727 2831 e
1764 2753 1967 2831 Codicibus

1194 2857 1273 2930 rudi
1315 2857 1507 2957 scripturi,
1545 2860 1581 2931 bt
1608 2857 1831 2958 compendiis
1857 2856 1967 2931 innu-

1196 2958 1302 3033 meris
1328 2958 1510 3034 horrentes
1537 2959 1735 3050 cernimus,
1776 2959 1831 3033 uti
1857 2955 1896 3032 δι
1923 2959 1963 3032 iu

1196 3061 1319 3135 multis
1354 3061 1532 3158 lapidibus
1567 3061 1748 3135 adhibitos
1781 3058 1962 3136 111111611-

258 3247 261 3252 ,
318 3185 393 3234 cras
421 3160 598 3263 Imagines
635 3189 696 3263 per
721 3191 761 3239 ea
790 3164 922 3268 semper
962 3175 1083 3246 Secula
1127 3167 1160 3235 D
1195 3190 1247 3237 res
1273 3161 1506 3237 Germanicae
1533 3158 1724 3262 scripturae
1751 3163 1960 3263 propiores,

318 3258 471 3341 seruatas
521 3262 622 3340 fuisse
665 3264 705 3340 in
746 3265 851 3344 sacris
895 3274 1085 3373 Templis,

317 3364 547 3465 Aedibusque
567 3367 740 3469 priuatis;
768 3373 803 3442 &
827 3399 935 3470 quum
956 3377 1084 3451 Graeci

317 3465 468 3564 Augusti
495 3468 533 3540 in
560 3494 617 3540 eas
643 3469 963 3555 debaccharentur,
990 3475 1084 3550 sum·

319 3562 379 3639 mi·
402 3565 619 3653 Pontifices,
661 3566 701 3640 &
729 3573 850 3667 Regna
875 3574 1083 3652 Occidentis

318 3663 360 3739 ad
388 3690 506 3738 earum
535 3663 633 3739 usum
660 3668 695 3739 ἃ
717 3670 853 3743 cultum
874 3672 1081 3751 conseruan-

318 3765 543 3864 damascius
570 3766 791 3845 exarserunt.
826 3771 1082 3855 Constantinus

318 3893 460 3968 quoque
487 3874 580 3969 Papa
606 3899 646 3946 ea
672 3872 850 3951 occasione
871 3878 951 3969 ferie
972 3881 1081 3973 piiiu·

317 3996 371 4044 ras
396 3970 432 4042 in
456 3976 585 4048 Porrieu
609 3973 728 4048 Sanlli
751 3980 868 4071 Petri,
895 4009 975 4078 quae
995 3984 1083 4081 gesto

1196 3290 1283 3364 quos
1302 3263 1478 3338 Gothicas
1497 3290 1676 3363 perperam
1697 3289 1959 3362 nuncupamus.

1197 3371 1339 3440 Statuae
1364 3371 1450 3439 verb
1476 3362 1515 3439 &
1543 3369 1772 3468 Anaglypta‚
1799 3386 1840 3440 ut
1862 3365 1961 3440 utin

1197 3466 1317 3567 paucis
1359 3466 1541 3549 Urbibus,
1581 3495 1621 3542 ac
1663 3468 1844 3569 praecipue
1886 3471 1964 3541 Ro·

1197 3594 1294 3650 rnae,
1320 3594 1425 3665 opere
1452 3571 1637 3643 tolerando
1655 3571 1816 3664 exculpta
1836 3566 1934 3639 suere
1944 3616 1958 3648 ,

1196 3669 1330 3766 saepius
1366 3688 1485 3742 tamen
1521 3672 1601 3746 aevi
1628 3671 1727 3746 illius
1762 3667 1958 3744 barbariem

1195 3771 1392 3860 exhibent,
1420 3769 1598 3868 risumque
1624 3772 1727 3846 facile
1755 3799 1774 3845 a
1802 3769 1962 3859 speshan·

1196 3871 1293 3946 tibus
1318 3873 1547 3970 exprimunt.
1577 3875 1669 3943 lllud
1696 3898 1780 3968 ergo
1807 3871 1962 3945 statuen-

1196 3974 1308 4068 dum,
1343 3977 1468 4050 Seculo
1505 3990 1644 4046 tantum
1688 3977 1790 4046 xlv.
1839 3972 1962 4050 Pinu-

308 4072 368 4169 Jen
392 4073 585 4148 sensianum
621 4083 818 4164 synodorum
853 4086 1083 4178 universalium
1125 4084 1155 4154 E
1197 4105 1305 4166 ram,
1354 4075 1595 4156 statuariam,
1642 4071 1961 4174 Calligraphiams

313 4175 474 4269 eminent,
510 4198 551 4255 ut
578 4177 700 4255 ausint
734 4178 783 4253 esl
824 4185 968 4258 Paullus
995 4190 1082 4262 Dia-

319 4304 428 4357 conus
455 4283 537 4359 Lib.
559 4285 594 4360 ό.
618 4286 706 4383 Cap.
732 4305 792 4379 34
817 4309 972 4383 quocum
997 4315 1083 4362 con-

318 4381 428 4461 sentit
452 4385 676 4462 anastatus.
704 4391 832 4484 Neque
857 4386 993 4484 prorsus
1019 4417 1081 4463 ex-

318 4483 440 4561 cidisse
465 4490 607 4565 uidetur
633 4508 714 4562 ante
741 4491 887 4563 Annum
910 4518 944 4564 .a
973 4489 1081 4564 Chri·

316 4583 366 4660 sto
402 4609 487 4663 nato
521 4590 757 4665 Millelimurn
793 4594 969 4685 Graphice,
1009 4619 1081 4692 quo

314 4687 464 4770 nomine
488 4689 539 4762 sas
566 4692 658 4766 mihi
686 4719 780 4766 nunc
810 4695 862 4783 sat
887 4693 1082 4794 fignificare

315 4800 445 4872 Artem
481 4788 708 4879 desiccandi,
749 4790 820 4864 sive
853 4794 879 4861 l'
903 4805 991 4868 Arre
1027 4767 1112 4881 dell

297 4897 477 4991 Discum,
497 4917 607 4993 quum
631 4892 784 4965 Numani
803 4892 843 4962 ia
864 4896 968 4967 ltalia
989 4915 1082 4969 tern-

317 5003 460 5098 poribus
494 4998 542 5076 iis
576 4990 748 5104 perculsi,
783 4993 818 5067 δι
859 4993 984 5098 Sigilla
1013 4999 1080 5075 Di-

348 5259 373 5280 «P

167 5338 266 5456 q
511 5349 525 5364 'v

1198 4179 1352 4276 aliasque
1392 4184 1500 4253 Artes
1539 4176 1587 4250 sis
1626 4176 1748 4249 affines
1784 4202 1853 4250 una
1876 4199 1956 4248 cum

1199 4279 1333 4355 Litoris
1359 4280 1541 4378 exsurgere
1581 4279 1751 4374 coepisse:
1791 4299 1861 4374 qun
1895 4300 1957 4349 eo-
2039 4350 2042 4355 .

1197 4383 1275 4454 dem
1303 4382 1430 4453 Secula
1450 4381 1573 4456 floruit
1596 4385 1713 4472 lottus
1732 4376 1958 4452 Florentinus

1198 4483 1346 4573 Pictor,
1383 4484 1442 4558 uir
1465 4485 1587 4580 magni
1614 4478 1797 4568 nominis,
1820 4477 1958 4576 aliique

1198 4583 1382 4659 successere
1400 4587 1607 4673 praeliantes
1626 4589 1799 4661 bonarum
1813 4580 1961 4656 Artium

1196 4686 1411 4760 restitutores
1436 4688 1475 4760 in
1502 4689 1632 4788 Italia;
1662 4688 1755 4762 unde
1774 4685 1870 4784 quod
1887 4685 1964 4758 elc-¹

1197 4787 1339 4882 gantiae
1364 4787 1402 4860 in
1430 4787 1525 4863 hisce
1550 4793 1704 4866 Acribus
1731 4790 1863 4864 habeat
1891 4786 1966 4866 alia

1198 4889 1407 4969 Occidentis
1433 4896 1579 4999 Regna,
1603 4911 1838 4996 acceperunt.

1826 5102 1910 5178 Noa
