4216 6014
292 328 373 425 169
640 314 1009 408 DlSSERYAYJO
1034 309 1464 409 'DECIMANONAS
1654 318 1657 323 ⁹
1724 342 1809 425 170

127 518 132 529 Ι
219 432 304 509 eis.
342 438 384 508 In
422 459 462 510 ca
498 432 672 511 sancitum
708 437 774 512 eu:
814 444 856 511 Ut
882 436 991 512 Liberi
1033 439 1068 511 A
1107 437 1236 513 Comes,
1272 459 1369 528 neque
1405 439 1484 504 Loco
1514 425 1634 528 postu
1659 424 1775 526 (idest
1802 427 1872 504 Vi-

225 535 368 610 bomines
394 530 520 609 nullum
546 539 721 636 obsequium
740 537 918 612 comitibus
933 541 990 630 sa-

227 637 318 709 ciant
331 687 344 720 ,
385 665 439 710 nec
474 641 640 727 Vitariis,
680 665 777 735 neque
812 644 846 711 in
881 641 991 738 paslo,

229 764 327 834 neque
353 739 388 810 in
416 737 524 834 messi,
560 766 656 836 neque
682 741 716 812 in
742 764 901 832 aratura,
937 770 992 814 ne-

230 864 290 936 que
315 839 350 911 in
372 842 498 913 vinea·
516 846 565 913 Et
589 839 776 934 Conseiium
798 843 811 940 (
823 842 917 915 idem
937 862 992 917 at·

231 966 300 1038 que
334 940 583 1037 Contribuzitne
601 945 631 1042 )
651 945 708 1015 vel
741 945 888 1016 retdium
924 944 990 1039 (i-

229 1040 323 1126 dest,
348 1062 392 1125 ¹ut
419 1040 596 1140 suspicor,
623 1045 793 1142 pecunia,
821 1072 910 1142 quae
934 1068 992 1142 pm

134 1210 138 1216 ,
230 1140 399 1226 residentia
439 1142 682 1244 exigebatur)
723 1173 784 1217 non
828 1147 991 1233 solvant,

229 1244 362 1337 exceptis
387 1246 688 1319 Aribannatoribut
712 1252 768 1319 orl
798 1246 991 1339 Missaticit,

1107 533 1304 629 cecomes)
1340 558 1437 628 neque
1471 530 1672 624 sculdascius
1709 534 1751 603 ab
1785 529 1874 607 Ari-

1107 635 1234 704 mannis
1263 633 1331 722 suis
1369 632 1384 727 (
1402 631 1470 705 hoc
1504 633 1550 705 est
1584 635 1628 707 ab
1663 630 1873 706 homiuibus

1108 733 1275 831 Liberis)
1295 733 1424 829 aliquid
1439 754 1495 830 ptr
1512 734 1583 805 vittt
1602 734 1754 830 exigant,
1777 757 1874 831 psae-

1108 858 1155 907 ter
1180 839 1263 933 quod
1296 834 1496 922 conslitutum
1532 834 1671 929 Legibus
1706 836 1773 922 esi.
1810 837 1876 908 sed

1109 962 1205 1034 neque
1238 958 1294 1034 pet
1321 936 1417 1029 suam
1445 935 1582 1035 sutriam
1618 935 1653 1006 in
1688 936 1876 1019 mansionem

1109 1039 1231 1135 (nunc
1272 1039 1452 1136 magiona)
1491 1035 1668 1109 Etimanni
1706 1039 1871 1130 applicet,

1108 1161 1166 1213 aut
1188 1141 1342 1230 placitum
1368 1159 1500 1230 teneat,
1536 1148 1595 1211 aiut
1628 1137 1772 1234 aliquam
1797 1139 1873 1209 uio·

1109 1242 1241 1314 lentiam
1268 1242 1377 1333 saciat
1402 1240 1475 1320 &a
1502 1245 1557 1315 En
1594 1239 1722 1338 quibus
1750 1242 1875 1338 Angu-

227 1341 283 1436 qui
307 1344 496 1439 legationem
530 1352 675 1419 ducunt.
715 1350 910 1446 Pergebant
936 1346 992 1419 ni·
1036 1344 1064 1413 B
1109 1340 1173 1413 riis
1199 1343 1349 1417 obnoxii
1386 1343 1494 1418 essent
1520 1367 1643 1417 eorum
1670 1359 1873 1440 temporum

228 1439 425 1519 hilominus
465 1449 631 1521 Comites
675 1448 810 1545 aliique
858 1453 991 1548 Regum

228 1544 410 1633 Ministri,
438 1548 656 1644 impotenter
681 1575 782 1649 agere
808 1550 847 1622 in
878 1553 991 1647 Popu-

228 1644 305 1716 lum
342 1643 420 1720 suae
455 1674 557 1724 curae
592 1651 813 1725 commiiium
832 1678 852 1739 ,·
887 1677 993 1749 quare

229 1742 330 1818 suum
356 1773 498 1844 quoque
524 1751 628 1824 duxit
647 1754 768 1825 Guido
797 1757 992 1850 Imperator

230 1843 373 1918 circiter
414 1853 560 1921 Annum
605 1855 857 1925 Dcccxcn.
899 1851 994 1951 gras-

232 1941 323 2016 santi
372 1949 497 2019 morbo
537 1948 701 2022 adhibere
742 1951 992 2038 medicinam,

1113 1442 1261 1539 Populi.
1288 1445 1485 1536 inconsuetae
1509 1443 1697 1530 occastones,
1723 1469 1875 1542 quarum

1111 1541 1249 1617 mentio
1275 1542 1367 1618 infra
1392 1565 1553 1622 occurret
1586 1543 1627 1620 in
1665 1544 1878 1646 Diplomate

1111 1642 1295 1719 Chonradi
1322 1648 1369 1719 11.
1396 1644 1522 1721 Italiae
1548 1645 1681 1744 Regis,
1716 1646 1811 1721 nihil
1837 1673 1876 1721 a·

1069 1796 1072 1803 -
1109 1744 1185 1820 liud
1212 1740 1333 1828 fuere,
1369 1743 1433 1819 uili
1461 1746 1640 1847 Angariae
1671 1745 1875 1845 hujusmodi

1111 1872 1130 1921 a
1156 1845 1312 1947 Legibus
1336 1846 1556 1948 prohibitae.
1583 1846 1755 1922 Chartam
1781 1849 1876 1922 acci-

1112 1973 1178 2045 pe,
1204 1973 1309 2044 quam
1338 1947 1592 2049 autographam
1620 1946 1698 2022 vidi
1726 1947 1765 2021 in
1792 1948 1876 2021 inst·

230 2047 455 2146 promulgata
481 2051 579 2148 Lege
605 2073 639 2145 3.
667 2051 761 2125 inter
787 2053 991 2151 Langobar·
1110 2047 1172 2147 gni
1212 2048 1427 2123 Montsterio
1468 2048 1641 2124 sacrarum
1679 2046 1873 2152 virginum

230 2144 348 2235 dicas,
375 2149 473 2246 cujus
500 2148 585 2224 haec
612 2150 693 2225 lunt
720 2156 851 2227 verba:
891 2157 992 2224 Nemo
1022 2132 1027 2242 i
1077 2123 1083 2243 l
1110 2147 1321 2227 Lucenfium
1347 2149 1493 2224 Sassiae
1517 2150 1694 2241 Iustinae.

239 2380 442 2468 chonradi
474 2387 536 2466 11:
560 2381 699 2470 Italiae
729 2385 852 2499 Regis
890 2415 935 2472 ac
966 2384 1089 2473 Primi
1126 2384 1232 2476 inter
1262 2385 1456 2500 Angustos
1480 2354 1772 2500 ¹Praeceptum,
1809 2413 1879 2505 per

310 2503 417 2613 quod
449 2501 693 2586 Monasterio
723 2503 1094 2591 Suniiimooialium
1126 2506 1359 2592 Lucenstum
1392 2503 1561 2591 Domini
1591 2501 1808 2591 Salvatoris

399 2616 536 2702 omnia
565 2616 723 2708 illarum
754 2620 839 2731 jura
869 2651 915 2708 ac
945 2621 1150 2740 privilegia
1179 2621 1414 2733 confirmat,
1444 2629 1567 2711 Anno
1602 2653 1727 2732 1027.

286 2865 321 2930 N
344 2862 467 2934 nomine
501 2865 724 2958 omnipotentis
751 2873 836 2946 Dei.
873 2876 1001 2948 Cbuon·
1040 2870 1076 2948 C
1113 2875 1204 2973 aquis
1237 2897 1449 2970 aquarumque
1481 2867 1681 2962 decursibus,
1719 2871 1875 2943 molendi·

308 2965 405 3034 radus
443 2967 543 3037 eterni
568 2996 693 3040 munere
723 2974 886 3069 largitoris
910 2985 1002 3051 Reor.

182 3072 184 3076 “
235 3064 263 3130 S
265 3061 276 3125 i
301 3063 429 3158 aliquid
460 3067 539 3140 locis
563 3070 680 3142 divino
704 3075 805 3145 cultui
839 3078 1002 3173 mancipa-

229 3159 276 3232 tis
314 3165 480 3258 largitatis
516 3169 614 3256 nosire
641 3199 767 3246 munere
792 3178 1001 3266 conserimus,

235 3263 291 3328 vel
325 3267 441 3336 collata
466 3269 712 3361 confirmamur,
747 3278 792 3343 ad
826 3298 928 3347 marne
954 3304 1003 3348 re-

233 3357 422 3433 tributionis
446 3365 569 3455 premia
594 3368 685 3439 nobis
719 3370 857 3464 prodesse
884 3403 1002 3471 nequa·

240 3484 337 3555 quam
368 3462 573 3554 diffidimus.
609 3473 757 3557 Omnium
791 3475 893 3570 igitur
916 3484 1002 3549 Satt-

236 3556 307 3631 liae
335 3562 399 3632 Dei
424 3568 515 3637 Eecle
529 3595 578 3638 rae
614 3569 784 3653 nostrorum
812 3578 1001 3668 presentium

233 3681 328 3756 atque
351 3662 531 3751 suturarum
557 3667 693 3743 notitiae
719 3695 855 3763 pateat,
891 3680 1000 3774 quali-

231 3782 282 3832 ter
300 3762 483 3837 interventu
505 3768 643 3843 dileilae
665 3769 842 3876 Coniugis
866 3778 1000 3856 nostrae
1045 3783 1081 3854 D

233 3861 380 3954 Gislae,
413 3889 471 3962 pet
501 3871 585 3941 hanc
615 3873 711 3957 noslri
736 3879 878 3971 Praecpti
904 3883 1000 3974 pagi·

233 3989 330 4050 nam,
355 3988 449 4062 prout
469 3969 554 4063 jusit
578 3969 625 4048 Θ
651 3975 801 4070 legaliter
822 3977 1000 4073 possumus,

233 4063 454 4155 eonsirmanrus
489 4070 537 4148 &⁴
574 4073 800 4148 remoboramus
834 4082 999 4167 Monesie·

230 4166 278 4236 rio
312 4169 445 4239 Domim
474 4173 686 4255 salvatoris,
719 4179 805 4270 quud
836 4180 879 4264 esl
913 4183 1002 4270 insra

233 4292 334 4337 muros
362 4271 456 4341 Urbis
480 4279 583 4344 Lucae
608 4276 831 4367 etnssruilum,
856 4277 905 4358 &¹
929 4281 1000 4374 esu·

228 4365 319 4457 sdem
343 4372 403 4441 loci
427 4375 652 4454 Abbasium,
678 4402 757 4471 quae
778 4402 910 4452 weatur
931 4386 999 4456 Al-

141 4560 147 4566 ,
236 4491 367 4568 perga,
404 4474 582 4571 cunilisque
617 4480 837 4552 Monacbabut
862 4485 1002 4556 Domino

238 4571 286 4642 ibi
306 4574 585 4661 famulantibus..
688 4579 757 4669 rsus
782 4606 830 4652 res
855 4582 903 4663 dr
926 4608 1000 4682 pto-

197 4707 201 4713 *
231 4673 384 4768 prietates
417 4697 484 4749 tam
518 4705 597 4774 qttas
640 4707 724 4752 nune
754 4683 869 4773 babet,
905 4694 1002 4782 quim

235 4770 424 4866 inposlerum
457 4781 628 4870 babuerit,
663 4810 731 4853 sum
771 4785 869 4856 terris
906 4791 1000 4861 cultis

236 4879 284 4943 Θ
308 4872 459 4954 incultis,
483 4881 611 4970 vineis,
632 4884 760 4972 pratis,
777 4884 923 4980 pascuis,
937 4889 1002 4972 sil·

232 4976 315 5056 ois,
348 4974 604 5074 piseationibus,
632 4984 738 5075 servis
773 4987 1015 5108 &Willis

1115 2979 1188 3064 nis,
1223 3000 1401 3070 omnemque
1428 2973 1663 3067 substanciam,
1690 2996 1785 3067 quant
1811 2979 1876 3044 raa

1114 3103 1167 3151 eus
1194 3076 1275 3147 idem
1300 3076 1432 3147 videtur
1464 3074 1596 3145 babere.
1631 3072 1813 3144 statuimus
1841 3100 1876 3143 s·

1115 3179 1196 3248 tiam
1205 3223 1217 3256 ,
1240 3197 1279 3244 ut
1293 3175 1408 3246 abbiate
1427 3175 1614 3267 inposlerum
1630 3173 1782 3268 quicquid
1799 3193 1875 3262 pre·

1110 3279 1182 3368 sato
1216 3273 1409 3361 Monaslerio
1440 3294 1498 3369 per
1523 3272 1682 3345 dationem
1718 3272 1878 3369 religioso·

1116 3403 1186 3448 tum
1210 3374 1373 3462 virorum,
1395 3374 1452 3464 seu
1476 3376 1662 3445 deocarum
1682 3371 1877 3461 seminarunt

1116 3479 1264 3550 collatum
1286 3475 1448 3559 extiterit,
1465 3475 1530 3567 sub
1549 3472 1647 3560 nostre·
1665 3471 1878 3565 confirmatio·

1116 3608 1156 3652 ne
1190 3576 1350 3673 Praecpti.
1390 3577 1536 3646 Volumus
1570 3576 1667 3647 etiarn
1701 3595 1738 3645 ut
1768 3574 1878 3672 predi·

1117 3681 1204 3754 &um
1222 3677 1450 3764 Monaslerium
1469 3675 1578 3762 noslrit
1596 3673 1644 3754 (φ
1659 3675 1778 3765 suturis
1798 3698 1878 3748 tent·

1114 3780 1266 3875 poribut,
1301 3807 1367 3850 una
1394 3803 1462 3848 eum
1497 3776 1640 3847 omnibns
1668 3780 1758 3848 rebus
1783 3797 1879 3874 atquc

1113 3880 1257 3972 samiliis
1292 3879 1427 3948 immam
1460 3875 1603 3963 consistat
1628 3875 1672 3949 ab
1698 3879 1784 3949 omni
1814 3900 1878 3974 pu-

1119 3983 1203 4053 blica
1232 3977 1394 4069 suniliouc
1427 3975 1479 4057 ὠ*
1502 3977 1736 4052 redhibitione.
1771 3985 1824 4054 Et,
1847 3979 1881 4064 si

1119 4087 1245 4177 quande
1263 4075 1437 4171 Abbatissa
1453 4078 1587 4165 obierit,
1609 4082 1651 4150 de
1668 4080 1782 4166 eisdem
1803 4080 1879 4174 ipfis
1943 4110 1949 4119 ·

1117 4183 1260 4278 eligant,
1295 4209 1389 4278 quam
1425 4185 1521 4255 bonae
1547 4182 1640 4251 vitae
1674 4181 1878 4250 invenerint.

1118 4284 1312 4378 Pracipituus
1346 4302 1451 4355 antem
1475 4302 1512 4351 ut
1545 4282 1657 4351 nullus
1671 4281 1784 4369 sudate
1815 4299 1879 4367 pn·

1117 4383 1249 4466 blicut‚
1282 4386 1338 4456 vel
1362 4412 1401 4453 en
1431 4381 1608 4471 judiciaria
1639 4378 1788 4468 poteslatr
1813 4380 1879 4450 ali-

1118 4510 1181 4580 qua
1211 4485 1297 4563 inita
1326 4485 1412 4555 illud
1436 4480 1667 4567 Monasleriunn
1687 4480 1744 4571 seu
1770 4483 1879 4552 Eccle-

1111 4585 1209 4675 fias,
1246 4586 1378 4664 t‘ittas,
1411 4602 1469 4654 aut
1494 4581 1631 4678 reliquas
1664 4578 1879 4676 possessiones,

1047 4693 1077 4762 E
1117 4713 1196 4782 quas
1220 4709 1303 4757 nunc
1328 4681 1451 4772 babet,
1485 4685 1541 4754 vel
1576 4683 1612 4755 in
1641 4703 1735 4758 antea
1760 4686 1878 4779 adqui·

1113 4787 1225 4875 sterit,
1252 4784 1510 4871 mansionaticum
1535 4786 1681 4881 erigere,
1715 4809 1773 4860 aut
1793 4787 1879 4878 side·

1111 4886 1242 4984 jussores
1267 4891 1394 4974 tollere,
1429 4909 1486 4962 aut
1512 4887 1649 4961 bomines
1674 4888 1772 4978 ipsius
1802 4891 1879 4956 Mo-

1116 4989 1248 5080 naslerii
1270 5011 1338 5063 tatu
1362 4989 1537 5089 ingenuos,
1562 4993 1657 5084 qubm
1685 4985 1878 5180 [Ἥβ-
