<?xml version="1.0" encoding="UTF-8"?>
<!DOCTYPE html PUBLIC "-//W3C//DTD XHTML 1.0 Transitional//EN"
    "http://www.w3.org/TR/xhtml1/DTD/xhtml1-transitional.dtd">
<html xmlns="http://www.w3.org/1999/xhtml" xml:lang="en" lang="en">
 <head>
  <title>
</title>
<meta http-equiv="Content-Type" content="text/html;charset=utf-8" />
  <meta name='ocr-system' content='tesseract 3.04.00' />
  <meta name='ocr-capabilities' content='ocr_page ocr_carea ocr_par ocr_line ocrx_word'/>
</head>
<body>
  <div class='ocr_page' id='page_1' title='image "./antiquitatesita01muragoog_0333.png"; bbox 0 0 4216 6014; ppageno 0'>
   <div class='ocr_carea' id='block_1_1' title="bbox 247 297 1807 439">
    <p class='ocr_par' dir='ltr' id='par_1_1' title="bbox 247 297 1807 439">
     <span class='ocr_line' id='line_1_1' title="bbox 247 297 1807 439; baseline -0.004 -22"><span class='ocrx_word' id='word_1_1' title='bbox 247 297 368 417; x_wconf 71' lang='lat' dir='ltr'><em>&#39;cer</em></span> <span class='ocrx_word' id='word_1_2' title='bbox 574 322 939 412; x_wconf 76' lang='lat' dir='ltr'><em>ossrnrnrro</em></span> <span class='ocrx_word' id='word_1_3' title='bbox 981 318 1532 439; x_wconf 62' lang='lat' dir='ltr'><em>rocraranraurA.</em></span> <span class='ocrx_word' id='word_1_4' title='bbox 1724 336 1807 412; x_wconf 73' lang='lat' dir='ltr'><em>am</em></span> 
     </span>
    </p>
   </div>
   <div class='ocr_carea' id='block_1_2' title="bbox 220 437 1947 4495">
    <p class='ocr_par' dir='ltr' id='par_1_2' title="bbox 225 437 1867 845">
     <span class='ocr_line' id='line_1_2' title="bbox 225 437 1865 540; baseline -0.002 -24"><span class='ocrx_word' id='word_1_5' title='bbox 225 465 363 518; x_wconf 75' lang='lat' dir='ltr'><em>reantur.</em></span> <span class='ocrx_word' id='word_1_6' title='bbox 403 451 515 540; x_wconf 70' lang='lat' dir='ltr'><em>,Quum</em></span> <span class='ocrx_word' id='word_1_7' title='bbox 537 446 786 534; x_wconf 74' lang='lat' dir='ltr'><em>praecinentium</em></span> <span class='ocrx_word' id='word_1_8' title='bbox 820 444 865 522; x_wconf 58' lang='grc' dir='ltr'><em>Θ</em></span> <span class='ocrx_word' id='word_1_9' title='bbox 887 444 987 536; x_wconf 80' lang='lat' dir='ltr'><em>succi·</em></span> <span class='ocrx_word' id='word_1_10' title='bbox 1025 445 1058 514; x_wconf 81' lang='lat' dir='ltr'>A</span> <span class='ocrx_word' id='word_1_11' title='bbox 1102 444 1253 515; x_wconf 80' lang='lat' dir='ltr'>bantur:</span> <span class='ocrx_word' id='word_1_12' title='bbox 1306 467 1418 536; x_wconf 91' lang='lat' dir='ltr'><em>neque</em></span> <span class='ocrx_word' id='word_1_13' title='bbox 1463 466 1561 529; x_wconf 84' lang='lat' dir='ltr'><em>nos,</em></span> <span class='ocrx_word' id='word_1_14' title='bbox 1615 437 1639 510; x_wconf 87' lang='lat' dir='ltr'><em>sr</em></span> <span class='ocrx_word' id='word_1_15' title='bbox 1684 438 1865 538; x_wconf 62' lang='lat' dir='ltr'><em>sapimus3</em></span> 
     </span>
     <span class='ocr_line' id='line_1_3' title="bbox 226 539 1867 640; baseline 0.001 -24"><span class='ocrx_word' id='word_1_16' title='bbox 226 549 397 636; x_wconf 82' lang='lat' dir='ltr'><em>nentium,</em></span> <span class='ocrx_word' id='word_1_17' title='bbox 438 552 639 635; x_wconf 83' lang='lat' dir='ltr'><em>canentium,</em></span> <span class='ocrx_word' id='word_1_18' title='bbox 680 547 728 625; x_wconf 65' lang='lat' dir='ltr'><em>(a</em></span> <span class='ocrx_word' id='word_1_19' title='bbox 752 547 988 622; x_wconf 77' lang='lat' dir='ltr'><em>decinentium,</em></span> <span class='ocrx_word' id='word_1_20' title='bbox 1101 568 1256 640; x_wconf 86' lang='lat' dir='ltr'><em>unquam</em></span> <span class='ocrx_word' id='word_1_21' title='bbox 1281 540 1523 632; x_wconf 77' lang='lat' dir='ltr'><strong>laudabimus,</strong></span> <span class='ocrx_word' id='word_1_22' title='bbox 1542 565 1650 637; x_wconf 87' lang='lat' dir='ltr'><em>quum</em></span> <span class='ocrx_word' id='word_1_23' title='bbox 1674 539 1758 615; x_wconf 91' lang='lat' dir='ltr'><em>inde</em></span> <span class='ocrx_word' id='word_1_24' title='bbox 1772 547 1867 617; x_wconf 86' lang='lat' dir='ltr'><em>mol-</em></span> 
     </span>
     <span class='ocr_line' id='line_1_4' title="bbox 226 637 1867 744; baseline 0.001 -27"><span class='ocrx_word' id='word_1_25' title='bbox 226 640 501 736; x_wconf 86' lang='lat' dir='ltr'><em>intercinrntium,</em></span> <span class='ocrx_word' id='word_1_26' title='bbox 537 651 582 719; x_wconf 71' lang='lat' dir='ltr'><em>(r</em></span> <span class='ocrx_word' id='word_1_27' title='bbox 606 647 809 718; x_wconf 74' lang='lat' dir='ltr'><em>occinentium</em></span> <span class='ocrx_word' id='word_1_28' title='bbox 834 649 989 744; x_wconf 80' lang='lat' dir='ltr'><em>praemol-</em></span> <span class='ocrx_word' id='word_1_29' title='bbox 1102 644 1222 726; x_wconf 83' lang='lat' dir='ltr'><em>lities,</em></span> <span class='ocrx_word' id='word_1_30' title='bbox 1259 637 1299 715; x_wconf 89' lang='lat'>&amp;</span> <span class='ocrx_word' id='word_1_31' title='bbox 1325 644 1466 716; x_wconf 87' lang='lat' dir='ltr'><em>occulta</em></span> <span class='ocrx_word' id='word_1_32' title='bbox 1492 643 1691 743; x_wconf 78' lang='lat' dir='ltr'><em>corruptela</em></span> <span class='ocrx_word' id='word_1_33' title='bbox 1727 668 1867 719; x_wconf 88' lang='lat' dir='ltr'><em>morum</em></span> 
     </span>
     <span class='ocr_line' id='line_1_5' title="bbox 225 742 1624 845; baseline -0.002 -27"><span class='ocrx_word' id='word_1_34' title='bbox 225 748 273 819; x_wconf 83' lang='lat' dir='ltr'><em>ier</em></span> <span class='ocrx_word' id='word_1_35' title='bbox 311 751 539 822; x_wconf 76' lang='lat' dir='ltr'><em>modulationes</em></span> <span class='ocrx_word' id='word_1_36' title='bbox 578 749 720 822; x_wconf 83' lang='lat' dir='ltr'><em>audieris</em></span> <span class='ocrx_word' id='word_1_37' title='bbox 736 774 752 818; x_wconf 88' lang='lat'><em>.·</em></span> <span class='ocrx_word' id='word_1_38' title='bbox 805 750 989 820; x_wconf 73' lang='lat' dir='ltr'><em>sirenarum</em></span> <span class='ocrx_word' id='word_1_39' title='bbox 1103 746 1142 822; x_wconf 84' lang='lat' dir='ltr'><em>in</em></span> <span class='ocrx_word' id='word_1_40' title='bbox 1171 746 1327 845; x_wconf 83' lang='lat' dir='ltr'><em>Populos</em></span> <span class='ocrx_word' id='word_1_41' title='bbox 1352 742 1535 844; x_wconf 73' lang='lat' dir='ltr'><em>exsurgat.</em></span> <span class='ocrx_word' id='word_1_42' title='bbox 1618 810 1624 815; x_wconf 86' lang='lat'>.</span> 
     </span>
    </p>

    <p class='ocr_par' dir='ltr' id='par_1_3' title="bbox 220 843 1947 4495">
     <span class='ocr_line' id='line_1_6' title="bbox 225 843 1870 950; baseline 0.003 -30"><span class='ocrx_word' id='word_1_43' title='bbox 225 871 386 923; x_wconf 69' lang='lat' dir='ltr'><em>muctttur</em></span> <span class='ocrx_word' id='word_1_44' title='bbox 423 855 529 924; x_wconf 81' lang='lat' dir='ltr'><em>eredas</em></span> <span class='ocrx_word' id='word_1_45' title='bbox 562 847 620 944; x_wconf 75' lang='lat' dir='ltr'><em>effe</em></span> <span class='ocrx_word' id='word_1_46' title='bbox 645 850 718 929; x_wconf 71' lang='lat' dir='ltr'><em>&amp;a</em></span> <span class='ocrx_word' id='word_1_47' title='bbox 747 856 801 921; x_wconf 84' lang='lat' dir='ltr'><em>Ea</em></span> <span class='ocrx_word' id='word_1_48' title='bbox 831 850 989 946; x_wconf 82' lang='lat' dir='ltr'><em>stquidem</em></span> <span class='ocrx_word' id='word_1_49' title='bbox 1156 847 1215 922; x_wconf 81' lang='lat' dir='ltr'><em>Ad</em></span> <span class='ocrx_word' id='word_1_50' title='bbox 1244 843 1422 920; x_wconf 69' lang='lat' dir='ltr'><em>Pisluram</em></span> <span class='ocrx_word' id='word_1_51' title='bbox 1451 844 1578 920; x_wconf 87' lang='lat' dir='ltr'><em>venio.</em></span> <span class='ocrx_word' id='word_1_52' title='bbox 1615 845 1787 950; x_wconf 84' lang='lat' dir='ltr'><em>Insignem</em></span> <span class='ocrx_word' id='word_1_53' title='bbox 1830 847 1870 924; x_wconf 82' lang='lat' dir='ltr'><em>in</em></span> 
     </span>
     <span class='ocr_line' id='line_1_7' title="bbox 226 949 1872 1048; baseline 0.005 -29"><span class='ocrx_word' id='word_1_54' title='bbox 226 949 268 1038; x_wconf 75' lang='lat' dir='ltr'><em>eli</em></span> <span class='ocrx_word' id='word_1_55' title='bbox 292 951 505 1042; x_wconf 79' lang='lat' dir='ltr'><em>ascendendi,</em></span> <span class='ocrx_word' id='word_1_56' title='bbox 531 951 796 1047; x_wconf 79' lang='lat' dir='ltr'><em>descendendique</em></span> <span class='ocrx_word' id='word_1_57' title='bbox 816 951 988 1042; x_wconf 75' lang='lat' dir='ltr'><em>facilitas,</em></span> <span class='ocrx_word' id='word_1_58' title='bbox 1104 977 1145 1025; x_wconf 86' lang='lat' dir='ltr'><em>ea</em></span> <span class='ocrx_word' id='word_1_59' title='bbox 1173 949 1336 1048; x_wconf 82' lang='lat' dir='ltr'><em>peritiam</em></span> <span class='ocrx_word' id='word_1_60' title='bbox 1358 951 1596 1030; x_wconf 88' lang='lat' dir='ltr'><em>Graecorum,</em></span> <span class='ocrx_word' id='word_1_61' title='bbox 1624 953 1714 1024; x_wconf 90' lang='lat' dir='ltr'><em>unde</em></span> <span class='ocrx_word' id='word_1_62' title='bbox 1734 952 1776 1024; x_wconf 90' lang='lat' dir='ltr'><em>ad</em></span> <span class='ocrx_word' id='word_1_63' title='bbox 1797 956 1872 1027; x_wconf 87' lang='lat' dir='ltr'><em>Ro-</em></span> 
     </span>
     <span class='ocr_line' id='line_1_8' title="bbox 225 1047 1870 1150; baseline 0.002 -26"><span class='ocrx_word' id='word_1_64' title='bbox 225 1078 264 1124; x_wconf 86' lang='lat' dir='ltr'><em>ta</em></span> <span class='ocrx_word' id='word_1_65' title='bbox 283 1052 408 1141; x_wconf 56' lang='lat' dir='ltr'><em>sessio,</em></span> <span class='ocrx_word' id='word_1_66' title='bbox 433 1056 489 1126; x_wconf 83' lang='lat' dir='ltr'><em>arel</em></span> <span class='ocrx_word' id='word_1_67' title='bbox 509 1053 686 1148; x_wconf 83' lang='lat' dir='ltr'><em>geminatio</em></span> <span class='ocrx_word' id='word_1_68' title='bbox 711 1055 917 1133; x_wconf 84' lang='lat' dir='ltr'><em>notularum,</em></span> <span class='ocrx_word' id='word_1_69' title='bbox 952 1080 990 1122; x_wconf 82' lang='lat' dir='ltr'><em>ea</em></span> <span class='ocrx_word' id='word_1_70' title='bbox 1107 1079 1229 1124; x_wconf 86' lang='lat' dir='ltr'><em>manos</em></span> <span class='ocrx_word' id='word_1_71' title='bbox 1265 1047 1396 1122; x_wconf 83' lang='lat' dir='ltr'><em>nobilis</em></span> <span class='ocrx_word' id='word_1_72' title='bbox 1443 1050 1528 1122; x_wconf 89' lang='lat' dir='ltr'><em>haec</em></span> <span class='ocrx_word' id='word_1_73' title='bbox 1570 1054 1640 1123; x_wconf 83' lang='lat' dir='ltr'><em>Ars</em></span> <span class='ocrx_word' id='word_1_74' title='bbox 1671 1051 1870 1150; x_wconf 86' lang='lat' dir='ltr'><em>profluxit,</em></span> 
     </span>
     <span class='ocr_line' id='line_1_9' title="bbox 227 1148 1871 1251; baseline 0.005 -30"><span class='ocrx_word' id='word_1_75' title='bbox 227 1154 388 1246; x_wconf 73' lang='lat' dir='ltr'><em>replicatio</em></span> <span class='ocrx_word' id='word_1_76' title='bbox 406 1153 901 1250; x_wconf 75' lang='lat' dir='ltr'><em>arrienomm,fiogolarumqrre</em></span> <span class='ocrx_word' id='word_1_77' title='bbox 919 1182 986 1224; x_wconf 83' lang='lat' dir='ltr'><em>eon-</em></span> <span class='ocrx_word' id='word_1_78' title='bbox 1106 1153 1248 1251; x_wconf 81' lang='lat' dir='ltr'><em>aatiqui</em></span> <span class='ocrx_word' id='word_1_79' title='bbox 1274 1154 1478 1240; x_wconf 79' lang='lat' dir='ltr'><em>extollunt,</em></span> <span class='ocrx_word' id='word_1_80' title='bbox 1506 1148 1544 1226; x_wconf 83' lang='lat' dir='ltr'><em>dc</em></span> <span class='ocrx_word' id='word_1_81' title='bbox 1568 1151 1771 1227; x_wconf 85' lang='lat' dir='ltr'><em>admiranda</em></span> <span class='ocrx_word' id='word_1_82' title='bbox 1792 1182 1871 1229; x_wconf 88' lang='lat' dir='ltr'><em>nar-</em></span> 
     </span>
     <span class='ocr_line' id='line_1_10' title="bbox 220 1253 1873 1351; baseline 0.005 -29"><span class='ocrx_word' id='word_1_83' title='bbox 220 1254 395 1345; x_wconf 63' lang='lat' dir='ltr'><em>fhlidario,</em></span> <span class='ocrx_word' id='word_1_84' title='bbox 411 1255 463 1341; x_wconf 79' lang='lat' dir='ltr'><em>stc</em></span> <span class='ocrx_word' id='word_1_85' title='bbox 488 1279 581 1331; x_wconf 83' lang='lat' dir='ltr'><em>acuta</em></span> <span class='ocrx_word' id='word_1_86' title='bbox 605 1257 661 1326; x_wconf 81' lang='lat' dir='ltr'><em>vel</em></span> <span class='ocrx_word' id='word_1_87' title='bbox 688 1257 888 1349; x_wconf 63' lang='lat' dir='ltr'><em>certificata,</em></span> <span class='ocrx_word' id='word_1_88' title='bbox 911 1283 989 1351; x_wconf 80' lang='lat' dir='ltr'><em>gra·</em></span> <span class='ocrx_word' id='word_1_89' title='bbox 1108 1274 1213 1330; x_wconf 85' lang='lat' dir='ltr'><em>tant:</em></span> <span class='ocrx_word' id='word_1_90' title='bbox 1243 1280 1311 1351; x_wconf 82' lang='lat' dir='ltr'><em>qun</em></span> <span class='ocrx_word' id='word_1_91' title='bbox 1337 1253 1380 1327; x_wconf 86' lang='lat' dir='ltr'><em>de</em></span> <span class='ocrx_word' id='word_1_92' title='bbox 1406 1279 1443 1327; x_wconf 82' lang='lat' dir='ltr'><em>re</em></span> <span class='ocrx_word' id='word_1_93' title='bbox 1469 1255 1507 1327; x_wconf 86' lang='lat' dir='ltr'><em>in</em></span> <span class='ocrx_word' id='word_1_94' title='bbox 1536 1253 1661 1351; x_wconf 80' lang='lat' dir='ltr'><em>primis</em></span> <span class='ocrx_word' id='word_1_95' title='bbox 1688 1254 1873 1330; x_wconf 84' lang='lat' dir='ltr'><em>consulen-</em></span> 
     </span>
     <span class='ocr_line' id='line_1_11' title="bbox 226 1354 1872 1452; baseline 0.003 -24"><span class='ocrx_word' id='word_1_96' title='bbox 226 1355 324 1428; x_wconf 82' lang='lat' dir='ltr'><em>tribus</em></span> <span class='ocrx_word' id='word_1_97' title='bbox 363 1354 411 1435; x_wconf 59' lang='grc' dir='ltr'><em>ό*</em></span> <span class='ocrx_word' id='word_1_98' title='bbox 444 1358 661 1452; x_wconf 72' lang='lat' dir='ltr'><em>subgravibus</em></span> <span class='ocrx_word' id='word_1_99' title='bbox 687 1378 928 1446; x_wconf 74' lang='lat' dir='ltr'><em>temperamur,</em></span> <span class='ocrx_word' id='word_1_100' title='bbox 955 1378 991 1425; x_wconf 88' lang='lat' dir='ltr'><em>ut</em></span> <span class='ocrx_word' id='word_1_101' title='bbox 1036 1360 1063 1428; x_wconf 89' lang='grc' dir='ltr'><strong>Β</strong></span> <span class='ocrx_word' id='word_1_102' title='bbox 1107 1357 1171 1430; x_wconf 88' lang='lat' dir='ltr'><em>dus</em></span> <span class='ocrx_word' id='word_1_103' title='bbox 1196 1357 1320 1445; x_wconf 86' lang='lat' dir='ltr'><em>Junius</em></span> <span class='ocrx_word' id='word_1_104' title='bbox 1344 1359 1386 1426; x_wconf 82' lang='lat' dir='ltr'><em>dc</em></span> <span class='ocrx_word' id='word_1_105' title='bbox 1411 1355 1544 1440; x_wconf 68' lang='lat' dir='ltr'><em>Pisiura</em></span> <span class='ocrx_word' id='word_1_106' title='bbox 1580 1361 1741 1429; x_wconf 84' lang='lat' dir='ltr'><em>Veterum.</em></span> <span class='ocrx_word' id='word_1_107' title='bbox 1779 1361 1872 1432; x_wconf 87' lang='lat' dir='ltr'><em>Nul-</em></span> 
     </span>
     <span class='ocr_line' id='line_1_12' title="bbox 228 1453 1947 1558; baseline 0.004 -29"><span class='ocrx_word' id='word_1_108' title='bbox 228 1457 359 1529; x_wconf 80' lang='lat' dir='ltr'><em>auribus</em></span> <span class='ocrx_word' id='word_1_109' title='bbox 378 1458 435 1550; x_wconf 76' lang='lat' dir='ltr'><em>sui</em></span> <span class='ocrx_word' id='word_1_110' title='bbox 456 1456 576 1552; x_wconf 77' lang='lat' dir='ltr'><em>judieii</em></span> <span class='ocrx_word' id='word_1_111' title='bbox 596 1457 666 1555; x_wconf 80' lang='lat' dir='ltr'><em>fere</em></span> <span class='ocrx_word' id='word_1_112' title='bbox 687 1457 895 1548; x_wconf 73' lang='lat' dir='ltr'><em>subtrabatur</em></span> <span class='ocrx_word' id='word_1_113' title='bbox 932 1484 989 1528; x_wconf 90' lang='lat' dir='ltr'><em>au·</em></span> <span class='ocrx_word' id='word_1_114' title='bbox 1109 1460 1170 1544; x_wconf 85' lang='lat' dir='ltr'><em>la,</em></span> <span class='ocrx_word' id='word_1_115' title='bbox 1198 1475 1260 1530; x_wconf 88' lang='lat' dir='ltr'><em>aut</em></span> <span class='ocrx_word' id='word_1_116' title='bbox 1285 1455 1413 1554; x_wconf 79' lang='lat' dir='ltr'><em>exigua</em></span> <span class='ocrx_word' id='word_1_117' title='bbox 1440 1458 1540 1530; x_wconf 82' lang='lat' dir='ltr'><em>illius</em></span> <span class='ocrx_word' id='word_1_118' title='bbox 1567 1455 1711 1558; x_wconf 78' lang='lat' dir='ltr'><em>vestigia</em></span> <span class='ocrx_word' id='word_1_119' title='bbox 1738 1458 1780 1532; x_wconf 89' lang='lat' dir='ltr'><em>ad</em></span> <span class='ocrx_word' id='word_1_120' title='bbox 1808 1487 1871 1537; x_wconf 84' lang='lat' dir='ltr'><em>nos</em></span> <span class='ocrx_word' id='word_1_121' title='bbox 1942 1453 1947 1457; x_wconf 32' lang='lat'>²</span> 
     </span>
     <span class='ocr_line' id='line_1_13' title="bbox 227 1555 1873 1657; baseline 0.005 -28"><span class='ocrx_word' id='word_1_122' title='bbox 227 1555 357 1631; x_wconf 64' lang='lat' dir='ltr'><em>Horitas</em></span> <span class='ocrx_word' id='word_1_123' title='bbox 384 1556 457 1638; x_wconf 73' lang='lat' dir='ltr'><em>&amp;a</em></span> <span class='ocrx_word' id='word_1_124' title='bbox 496 1562 554 1632; x_wconf 84' lang='lat' dir='ltr'><em>An</em></span> <span class='ocrx_word' id='word_1_125' title='bbox 583 1557 666 1634; x_wconf 89' lang='lat' dir='ltr'><em>hacc</em></span> <span class='ocrx_word' id='word_1_126' title='bbox 702 1557 872 1632; x_wconf 80' lang='lat' dir='ltr'><em>Muscam</em></span> <span class='ocrx_word' id='word_1_127' title='bbox 902 1555 991 1657; x_wconf 80' lang='lat' dir='ltr'><em>sigu—</em></span> <span class='ocrx_word' id='word_1_128' title='bbox 1109 1558 1218 1656; x_wconf 88' lang='lat' dir='ltr'><em>usque</em></span> <span class='ocrx_word' id='word_1_129' title='bbox 1246 1583 1453 1654; x_wconf 82' lang='lat' dir='ltr'><em>pervenere,</em></span> <span class='ocrx_word' id='word_1_130' title='bbox 1481 1577 1522 1630; x_wconf 88' lang='lat' dir='ltr'><em>ut</em></span> <span class='ocrx_word' id='word_1_131' title='bbox 1547 1575 1603 1631; x_wconf 89' lang='lat' dir='ltr'><em>tot</em></span> <span class='ocrx_word' id='word_1_132' title='bbox 1630 1560 1749 1633; x_wconf 87' lang='lat' dir='ltr'><em>laudes</em></span> <span class='ocrx_word' id='word_1_133' title='bbox 1768 1558 1873 1638; x_wconf 63' lang='lat' dir='ltr'><em>laetis</em></span> 
     </span>
     <span class='ocr_line' id='line_1_14' title="bbox 228 1656 1872 1760; baseline 0 -27"><span class='ocrx_word' id='word_1_134' title='bbox 228 1675 364 1742; x_wconf 86' lang='lat' dir='ltr'><em>ratam,</em></span> <span class='ocrx_word' id='word_1_135' title='bbox 391 1663 652 1760; x_wconf 83' lang='lat' dir='ltr'><em>utoppellant,</em></span> <span class='ocrx_word' id='word_1_136' title='bbox 678 1658 991 1741; x_wconf 64' lang='lat' dir='ltr'><em>nonantulani,</em></span> <span class='ocrx_word' id='word_1_137' title='bbox 1111 1658 1336 1733; x_wconf 85' lang='lat' dir='ltr'><em>confirmatas</em></span> <span class='ocrx_word' id='word_1_138' title='bbox 1376 1656 1601 1731; x_wconf 85' lang='lat' dir='ltr'><em>intueamur.</em></span> <span class='ocrx_word' id='word_1_139' title='bbox 1644 1663 1776 1733; x_wconf 78' lang='lat' dir='ltr'><em>Verium</em></span> <span class='ocrx_word' id='word_1_140' title='bbox 1818 1663 1872 1740; x_wconf 84' lang='lat' dir='ltr'><em>su-</em></span> 
     </span>
     <span class='ocr_line' id='line_1_15' title="bbox 227 1759 1872 1861; baseline 0.004 -29"><span class='ocrx_word' id='word_1_141' title='bbox 227 1759 427 1860; x_wconf 80' lang='lat' dir='ltr'><em>defigncnt‚</em></span> <span class='ocrx_word' id='word_1_142' title='bbox 456 1761 692 1861; x_wconf 85' lang='lat' dir='ltr'><em>perpendent,</em></span> <span class='ocrx_word' id='word_1_143' title='bbox 718 1762 781 1859; x_wconf 90' lang='lat' dir='ltr'><em>qui</em></span> <span class='ocrx_word' id='word_1_144' title='bbox 810 1760 902 1835; x_wconf 88' lang='lat' dir='ltr'><em>hisce</em></span> <span class='ocrx_word' id='word_1_145' title='bbox 925 1761 990 1834; x_wconf 82' lang='lat' dir='ltr'><em>sto-</em></span> <span class='ocrx_word' id='word_1_146' title='bbox 1113 1761 1252 1861; x_wconf 87' lang='lat' dir='ltr'><em>pcrsunt</em></span> <span class='ocrx_word' id='word_1_147' title='bbox 1291 1779 1348 1833; x_wconf 89' lang='lat' dir='ltr'><em>tot</em></span> <span class='ocrx_word' id='word_1_148' title='bbox 1389 1764 1554 1849; x_wconf 76' lang='lat' dir='ltr'><em>statuae,</em></span> <span class='ocrx_word' id='word_1_149' title='bbox 1596 1778 1653 1834; x_wconf 89' lang='lat' dir='ltr'><em>tot</em></span> <span class='ocrx_word' id='word_1_150' title='bbox 1694 1765 1872 1848; x_wconf 85' lang='lat' dir='ltr'><em>Nummi,</em></span> 
     </span>
     <span class='ocr_line' id='line_1_16' title="bbox 229 1861 1873 1962; baseline 0.004 -28"><span class='ocrx_word' id='word_1_151' title='bbox 229 1861 299 1934; x_wconf 86' lang='lat' dir='ltr'><em>diis</em></span> <span class='ocrx_word' id='word_1_152' title='bbox 326 1862 575 1944; x_wconf 76' lang='lat' dir='ltr'><em>obleiiantur,</em></span> <span class='ocrx_word' id='word_1_153' title='bbox 611 1866 646 1935; x_wconf 75' lang='grc'><em>8(</em></span> <span class='ocrx_word' id='word_1_154' title='bbox 684 1889 762 1936; x_wconf 88' lang='lat' dir='ltr'><em>curn</em></span> <span class='ocrx_word' id='word_1_155' title='bbox 800 1864 850 1936; x_wconf 79' lang='lat' dir='ltr'><em>cio</em></span> <span class='ocrx_word' id='word_1_156' title='bbox 877 1864 993 1935; x_wconf 87' lang='lat' dir='ltr'><em>erudi·</em></span> <span class='ocrx_word' id='word_1_157' title='bbox 1113 1883 1168 1936; x_wconf 88' lang='lat' dir='ltr'><em>tot</em></span> <span class='ocrx_word' id='word_1_158' title='bbox 1205 1865 1431 1962; x_wconf 83' lang='lat' dir='ltr'><em>Anaglypta,</em></span> <span class='ocrx_word' id='word_1_159' title='bbox 1467 1862 1607 1960; x_wconf 88' lang='lat' dir='ltr'><em>aliaque</em></span> <span class='ocrx_word' id='word_1_160' title='bbox 1642 1863 1873 1959; x_wconf 81' lang='lat' dir='ltr'><em>antiquitatis</em></span> 
     </span>
     <span class='ocr_line' id='line_1_17' title="bbox 230 1962 1874 2065; baseline 0.001 -26"><span class='ocrx_word' id='word_1_161' title='bbox 230 1962 366 2039; x_wconf 84' lang='lat' dir='ltr'><em>tionem</em></span> <span class='ocrx_word' id='word_1_162' title='bbox 387 1965 631 2065; x_wconf 67' lang='lat' dir='ltr'><em>conjungunt.</em></span> <span class='ocrx_word' id='word_1_163' title='bbox 662 1965 772 2038; x_wconf 87' lang='lat' dir='ltr'><em>Nulla</em></span> <span class='ocrx_word' id='word_1_164' title='bbox 792 1983 909 2038; x_wconf 84' lang='lat' dir='ltr'><em>autern</em></span> <span class='ocrx_word' id='word_1_165' title='bbox 931 1965 990 2036; x_wconf 91' lang='lat' dir='ltr'><em>du·</em></span> <span class='ocrx_word' id='word_1_166' title='bbox 1112 1969 1257 2053; x_wconf 86' lang='lat' dir='ltr'><em>rudera,</em></span> <span class='ocrx_word' id='word_1_167' title='bbox 1283 1967 1370 2037; x_wconf 86' lang='lat' dir='ltr'><em>adeo</em></span> <span class='ocrx_word' id='word_1_168' title='bbox 1398 1983 1537 2055; x_wconf 84' lang='lat' dir='ltr'><em>comte,</em></span> <span class='ocrx_word' id='word_1_169' title='bbox 1565 1962 1784 2057; x_wconf 82' lang='lat' dir='ltr'><em>artificiose,</em></span> <span class='ocrx_word' id='word_1_170' title='bbox 1811 1994 1874 2041; x_wconf 83' lang='lat' dir='ltr'><em>ex·</em></span> 
     </span>
     <span class='ocr_line' id='line_1_18' title="bbox 231 2063 1872 2165; baseline 0.003 -27"><span class='ocrx_word' id='word_1_171' title='bbox 231 2063 362 2138; x_wconf 89' lang='lat' dir='ltr'><em>bitatio</em></span> <span class='ocrx_word' id='word_1_172' title='bbox 389 2065 459 2147; x_wconf 88' lang='lat' dir='ltr'><em>cll,</em></span> <span class='ocrx_word' id='word_1_173' title='bbox 496 2067 583 2165; x_wconf 85' lang='lat' dir='ltr'><em>quin</em></span> <span class='ocrx_word' id='word_1_174' title='bbox 620 2067 758 2163; x_wconf 86' lang='lat' dir='ltr'><em>aliquot</em></span> <span class='ocrx_word' id='word_1_175' title='bbox 783 2066 893 2139; x_wconf 87' lang='lat' dir='ltr'><em>etiam</em></span> <span class='ocrx_word' id='word_1_176' title='bbox 924 2092 967 2164; x_wconf 89' lang='lat' dir='ltr'><em>po</em></span> <span class='ocrx_word' id='word_1_177' title='bbox 1112 2066 1307 2163; x_wconf 83' lang='lat' dir='ltr'><em>quisrteque</em></span> <span class='ocrx_word' id='word_1_178' title='bbox 1334 2064 1525 2155; x_wconf 84' lang='lat' dir='ltr'><em>fabricata,</em></span> <span class='ocrx_word' id='word_1_179' title='bbox 1565 2085 1606 2139; x_wconf 92' lang='lat' dir='ltr'><em>ut</em></span> <span class='ocrx_word' id='word_1_180' title='bbox 1632 2066 1736 2140; x_wconf 88' lang='lat' dir='ltr'><em>illinc</em></span> <span class='ocrx_word' id='word_1_181' title='bbox 1761 2069 1872 2143; x_wconf 84' lang='lat' dir='ltr'><em>etiarn</em></span> 
     </span>
     <span class='ocr_line' id='line_1_19' title="bbox 229 2164 1874 2265; baseline 0.004 -27"><span class='ocrx_word' id='word_1_182' title='bbox 229 2164 433 2241; x_wconf 88' lang='lat' dir='ltr'><em>Guidonem</em></span> <span class='ocrx_word' id='word_1_183' title='bbox 463 2165 671 2242; x_wconf 79' lang='lat' dir='ltr'><em>Arretinum</em></span> <span class='ocrx_word' id='word_1_184' title='bbox 701 2168 853 2241; x_wconf 81' lang='lat' dir='ltr'><em>Saeculis</em></span> <span class='ocrx_word' id='word_1_185' title='bbox 890 2170 995 2265; x_wconf 82' lang='lat' dir='ltr'><em>longe</em></span> <span class='ocrx_word' id='word_1_186' title='bbox 1113 2169 1228 2264; x_wconf 82' lang='lat' dir='ltr'><em>qualis</em></span> <span class='ocrx_word' id='word_1_187' title='bbox 1263 2167 1346 2240; x_wconf 87' lang='lat' dir='ltr'><em>esset</em></span> <span class='ocrx_word' id='word_1_188' title='bbox 1382 2186 1538 2239; x_wconf 84' lang='lat' dir='ltr'><em>veterum</em></span> <span class='ocrx_word' id='word_1_189' title='bbox 1567 2167 1651 2258; x_wconf 86' lang='lat' dir='ltr'><em>vis,</em></span> <span class='ocrx_word' id='word_1_190' title='bbox 1691 2193 1731 2241; x_wconf 83' lang='lat' dir='ltr'><em>ec</em></span> <span class='ocrx_word' id='word_1_191' title='bbox 1759 2169 1874 2244; x_wconf 84' lang='lat' dir='ltr'><em>virtus</em></span> 
     </span>
     <span class='ocr_line' id='line_1_20' title="bbox 229 2263 1876 2368; baseline 0.004 -29"><span class='ocrx_word' id='word_1_192' title='bbox 229 2264 366 2341; x_wconf 78' lang='lat' dir='ltr'><em>Moneo</em></span> <span class='ocrx_word' id='word_1_193' title='bbox 402 2269 554 2343; x_wconf 79' lang='lat' dir='ltr'><em>abluerit</em></span> <span class='ocrx_word' id='word_1_194' title='bbox 590 2296 609 2342; x_wconf 91' lang='lat' dir='ltr'><em>a</em></span> <span class='ocrx_word' id='word_1_195' title='bbox 638 2267 783 2342; x_wconf 88' lang='lat' dir='ltr'><em>scicntia</em></span> <span class='ocrx_word' id='word_1_196' title='bbox 820 2271 854 2341; x_wconf 70' lang='lat'><em>8&lt;</em></span> <span class='ocrx_word' id='word_1_197' title='bbox 885 2266 992 2367; x_wconf 87' lang='lat' dir='ltr'><em>perse·</em></span> <span class='ocrx_word' id='word_1_198' title='bbox 1037 2263 1069 2339; x_wconf 66' lang='lat' dir='ltr'><em>(j</em></span> <span class='ocrx_word' id='word_1_199' title='bbox 1114 2278 1151 2341; x_wconf 88' lang='lat' dir='ltr'><em>in</em></span> <span class='ocrx_word' id='word_1_200' title='bbox 1180 2269 1382 2368; x_wconf 84' lang='lat' dir='ltr'><em>pingendo,</em></span> <span class='ocrx_word' id='word_1_201' title='bbox 1419 2268 1655 2367; x_wconf 84' lang='lat' dir='ltr'><em>argumentari</em></span> <span class='ocrx_word' id='word_1_202' title='bbox 1695 2268 1800 2344; x_wconf 82' lang='lat' dir='ltr'><em>facile</em></span> <span class='ocrx_word' id='word_1_203' title='bbox 1827 2275 1876 2346; x_wconf 88' lang='lat' dir='ltr'><em>li-</em></span> 
     </span>
     <span class='ocr_line' id='line_1_21' title="bbox 230 2366 1875 2470; baseline 0.004 -29"><span class='ocrx_word' id='word_1_204' title='bbox 230 2366 350 2443; x_wconf 69' lang='lat' dir='ltr'><em>&amp;ione</em></span> <span class='ocrx_word' id='word_1_205' title='bbox 385 2371 472 2455; x_wconf 80' lang='lat' dir='ltr'><em>illa.</em></span> <span class='ocrx_word' id='word_1_206' title='bbox 517 2397 622 2470; x_wconf 85' lang='lat' dir='ltr'><em>quarn</em></span> <span class='ocrx_word' id='word_1_207' title='bbox 669 2369 774 2443; x_wconf 89' lang='lat' dir='ltr'><em>hodie</em></span> <span class='ocrx_word' id='word_1_208' title='bbox 810 2389 995 2451; x_wconf 87' lang='lat' dir='ltr'><em>tenemus,</em></span> <span class='ocrx_word' id='word_1_209' title='bbox 1115 2390 1214 2470; x_wconf 76' lang='lat' dir='ltr'><em>ccat3</em></span> <span class='ocrx_word' id='word_1_210' title='bbox 1241 2396 1366 2468; x_wconf 83' lang='lat' dir='ltr'><em>magna</em></span> <span class='ocrx_word' id='word_1_211' title='bbox 1394 2370 1489 2442; x_wconf 86' lang='lat' dir='ltr'><em>enim</em></span> <span class='ocrx_word' id='word_1_212' title='bbox 1518 2370 1612 2442; x_wconf 87' lang='lat' dir='ltr'><em>inter</em></span> <span class='ocrx_word' id='word_1_213' title='bbox 1638 2369 1875 2447; x_wconf 75' lang='lat' dir='ltr'><em>Pisluramac</em></span> 
     </span>
     <span class='ocr_line' id='line_1_22' title="bbox 229 2469 1875 2555; baseline 0.004 -12"><span class='ocrx_word' id='word_1_214' title='bbox 229 2487 306 2544; x_wconf 84' lang='lat' dir='ltr'><em>turn</em></span> <span class='ocrx_word' id='word_1_215' title='bbox 336 2470 373 2543; x_wconf 91' lang='lat' dir='ltr'><em>in</em></span> <span class='ocrx_word' id='word_1_216' title='bbox 397 2471 528 2545; x_wconf 76' lang='lat' dir='ltr'><em>Musca</em></span> <span class='ocrx_word' id='word_1_217' title='bbox 551 2477 738 2555; x_wconf 86' lang='lat' dir='ltr'><em>Humana,</em></span> <span class='ocrx_word' id='word_1_218' title='bbox 768 2492 844 2544; x_wconf 90' lang='lat' dir='ltr'><em>tum</em></span> <span class='ocrx_word' id='word_1_219' title='bbox 870 2471 993 2544; x_wconf 90' lang='lat' dir='ltr'><em>in-Or·</em></span> <span class='ocrx_word' id='word_1_220' title='bbox 1115 2473 1325 2546; x_wconf 71' lang='lat' dir='ltr'><em>scamoniam</em></span> <span class='ocrx_word' id='word_1_221' title='bbox 1352 2470 1508 2543; x_wconf 83' lang='lat' dir='ltr'><em>affinitas</em></span> <span class='ocrx_word' id='word_1_222' title='bbox 1545 2469 1759 2546; x_wconf 88' lang='lat' dir='ltr'><em>inter-cedit.</em></span> <span class='ocrx_word' id='word_1_223' title='bbox 1803 2477 1875 2550; x_wconf 86' lang='lat' dir='ltr'><em>Ubi</em></span> 
     </span>
     <span class='ocr_line' id='line_1_23' title="bbox 230 2572 1880 2672; baseline 0.003 -29"><span class='ocrx_word' id='word_1_224' title='bbox 230 2573 377 2672; x_wconf 85' lang='lat' dir='ltr'><em>ganica,</em></span> <span class='ocrx_word' id='word_1_225' title='bbox 411 2572 479 2644; x_wconf 83' lang='lat' dir='ltr'><em>stre</em></span> <span class='ocrx_word' id='word_1_226' title='bbox 512 2573 844 2647; x_wconf 81' lang='lat' dir='ltr'><em>lollruatentorum.</em></span> <span class='ocrx_word' id='word_1_227' title='bbox 872 2574 996 2646; x_wconf 77' lang='lat' dir='ltr'><em>secolo</em></span> <span class='ocrx_word' id='word_1_228' title='bbox 1116 2579 1199 2647; x_wconf 85' lang='lat' dir='ltr'><em>verb</em></span> <span class='ocrx_word' id='word_1_229' title='bbox 1224 2572 1439 2671; x_wconf 80' lang='lat' dir='ltr'><em>irruptiones</em></span> <span class='ocrx_word' id='word_1_230' title='bbox 1468 2573 1689 2647; x_wconf 88' lang='lat' dir='ltr'><em>barbarorum</em></span> <span class='ocrx_word' id='word_1_231' title='bbox 1715 2573 1880 2668; x_wconf 84' lang='lat' dir='ltr'><em>sentire,</em></span> 
     </span>
     <span class='ocr_line' id='line_1_24' title="bbox 230 2673 1878 2772; baseline 0.004 -26"><span class='ocrx_word' id='word_1_232' title='bbox 230 2690 371 2747; x_wconf 89' lang='lat' dir='ltr'><em>tantum</em></span> <span class='ocrx_word' id='word_1_233' title='bbox 417 2681 493 2748; x_wconf 84' lang='lat' dir='ltr'><em>xv.</em></span> <span class='ocrx_word' id='word_1_234' title='bbox 531 2675 614 2749; x_wconf 83' lang='lat' dir='ltr'><em>haec</em></span> <span class='ocrx_word' id='word_1_235' title='bbox 657 2675 827 2772; x_wconf 78' lang='lat' dir='ltr'><em>assurgere</em></span> <span class='ocrx_word' id='word_1_236' title='bbox 855 2673 995 2771; x_wconf 84' lang='lat' dir='ltr'><em>coepit,</em></span> <span class='ocrx_word' id='word_1_237' title='bbox 1114 2693 1191 2748; x_wconf 85' lang='lat' dir='ltr'><em>tum</em></span> <span class='ocrx_word' id='word_1_238' title='bbox 1219 2699 1339 2747; x_wconf 88' lang='lat' dir='ltr'><em>eorum</em></span> <span class='ocrx_word' id='word_1_239' title='bbox 1368 2673 1613 2749; x_wconf 79' lang='lat' dir='ltr'><em>dominatione</em></span> <span class='ocrx_word' id='word_1_240' title='bbox 1638 2677 1746 2772; x_wconf 86' lang='lat' dir='ltr'><em>premi</em></span> <span class='ocrx_word' id='word_1_241' title='bbox 1771 2677 1878 2752; x_wconf 90' lang='lat' dir='ltr'><em>ltalia</em></span> 
     </span>
     <span class='ocr_line' id='line_1_25' title="bbox 229 2772 1878 2874; baseline 0.004 -27"><span class='ocrx_word' id='word_1_242' title='bbox 229 2772 490 2874; x_wconf 81' lang='lat' dir='ltr'><em>diligenterque</em></span> <span class='ocrx_word' id='word_1_243' title='bbox 516 2777 633 2849; x_wconf 79' lang='lat' dir='ltr'><em>excoli</em></span> <span class='ocrx_word' id='word_1_244' title='bbox 661 2803 680 2848; x_wconf 93' lang='lat' dir='ltr'><em>a</em></span> <span class='ocrx_word' id='word_1_245' title='bbox 707 2772 916 2849; x_wconf 71' lang='lat' dir='ltr'><em>doctissimis</em></span> <span class='ocrx_word' id='word_1_246' title='bbox 941 2775 996 2847; x_wconf 92' lang='lat' dir='ltr'><em>vi·</em></span> <span class='ocrx_word' id='word_1_247' title='bbox 1115 2776 1255 2874; x_wconf 86' lang='lat' dir='ltr'><em>coepit,</em></span> <span class='ocrx_word' id='word_1_248' title='bbox 1282 2772 1484 2849; x_wconf 65' lang='lat' dir='ltr'><em>delectabili</em></span> <span class='ocrx_word' id='word_1_249' title='bbox 1511 2775 1684 2870; x_wconf 83' lang='lat' dir='ltr'><em>quidem,</em></span> <span class='ocrx_word' id='word_1_250' title='bbox 1724 2776 1779 2850; x_wconf 84' lang='lat' dir='ltr'><em>sed</em></span> <span class='ocrx_word' id='word_1_251' title='bbox 1807 2781 1878 2853; x_wconf 87' lang='lat' dir='ltr'><em>rni-</em></span> 
     </span>
     <span class='ocr_line' id='line_1_26' title="bbox 229 2874 1879 2976; baseline 0.004 -28"><span class='ocrx_word' id='word_1_252' title='bbox 229 2874 298 2949; x_wconf 84' lang='lat' dir='ltr'><em>ris.</em></span> <span class='ocrx_word' id='word_1_253' title='bbox 339 2879 402 2949; x_wconf 87' lang='lat' dir='ltr'><em>Sed</em></span> <span class='ocrx_word' id='word_1_254' title='bbox 442 2876 658 2976; x_wconf 72' lang='lat' dir='ltr'><em>potissimum</em></span> <span class='ocrx_word' id='word_1_255' title='bbox 687 2875 909 2972; x_wconf 82' lang='lat' dir='ltr'><em>subsequenti</em></span> <span class='ocrx_word' id='word_1_256' title='bbox 938 2880 994 2947; x_wconf 81' lang='lat' dir='ltr'><em>Se·</em></span> <span class='ocrx_word' id='word_1_257' title='bbox 1114 2880 1211 2948; x_wconf 83' lang='lat' dir='ltr'><em>nime</em></span> <span class='ocrx_word' id='word_1_258' title='bbox 1237 2876 1442 2947; x_wconf 77' lang='lat' dir='ltr'><em>necessariae</em></span> <span class='ocrx_word' id='word_1_259' title='bbox 1470 2876 1555 2948; x_wconf 82' lang='lat' dir='ltr'><em>Arri</em></span> <span class='ocrx_word' id='word_1_260' title='bbox 1580 2877 1742 2975; x_wconf 80' lang='lat' dir='ltr'><em>ingentia</em></span> <span class='ocrx_word' id='word_1_261' title='bbox 1774 2880 1879 2955; x_wconf 80' lang='lat' dir='ltr'><em>illata</em></span> 
     </span>
     <span class='ocr_line' id='line_1_27' title="bbox 231 2973 1879 3078; baseline 0.002 -26"><span class='ocrx_word' id='word_1_262' title='bbox 231 2981 313 3052; x_wconf 81' lang='lat' dir='ltr'><em>tulo</em></span> <span class='ocrx_word' id='word_1_263' title='bbox 342 2981 441 3051; x_wconf 85' lang='lat' dir='ltr'><strong>XVI.</strong></span> <span class='ocrx_word' id='word_1_264' title='bbox 462 2975 678 3075; x_wconf 81' lang='lat' dir='ltr'><em>amplificata</em></span> <span class='ocrx_word' id='word_1_265' title='bbox 699 2975 863 3049; x_wconf 79' lang='lat' dir='ltr'><em>ellillius</em></span> <span class='ocrx_word' id='word_1_266' title='bbox 887 2975 995 3046; x_wconf 88' lang='lat' dir='ltr'><em>scien·</em></span> <span class='ocrx_word' id='word_1_267' title='bbox 1115 2974 1196 3047; x_wconf 86' lang='lat' dir='ltr'><em>sunt</em></span> <span class='ocrx_word' id='word_1_268' title='bbox 1237 2975 1403 3062; x_wconf 87' lang='lat' dir='ltr'><em>vulnera,</em></span> <span class='ocrx_word' id='word_1_269' title='bbox 1447 2973 1618 3071; x_wconf 88' lang='lat' dir='ltr'><em>plerisque</em></span> <span class='ocrx_word' id='word_1_270' title='bbox 1658 3005 1735 3050; x_wconf 84' lang='lat' dir='ltr'><em>earn</em></span> <span class='ocrx_word' id='word_1_271' title='bbox 1762 2985 1879 3078; x_wconf 86' lang='lat' dir='ltr'><em>negli-</em></span> 
     </span>
     <span class='ocr_line' id='line_1_28' title="bbox 231 3072 1878 3179; baseline 0.001 -26"><span class='ocrx_word' id='word_1_272' title='bbox 231 3078 610 3179; x_wconf 84' lang='lat' dir='ltr'><em>tia,conspirantibus</em></span> <span class='ocrx_word' id='word_1_273' title='bbox 631 3077 729 3150; x_wconf 77' lang='lat' dir='ltr'><em>Italis</em></span> <span class='ocrx_word' id='word_1_274' title='bbox 745 3076 785 3150; x_wconf 90' lang='lat' dir='ltr'><em>ad</em></span> <span class='ocrx_word' id='word_1_275' title='bbox 807 3102 882 3150; x_wconf 83' lang='lat' dir='ltr'><em>eam</em></span> <span class='ocrx_word' id='word_1_276' title='bbox 895 3101 998 3148; x_wconf 80' lang='lat' dir='ltr'><em>error·</em></span> <span class='ocrx_word' id='word_1_277' title='bbox 1115 3072 1301 3175; x_wconf 76' lang='lat' dir='ltr'><em>gentibus,</em></span> <span class='ocrx_word' id='word_1_278' title='bbox 1337 3093 1398 3147; x_wconf 91' lang='lat' dir='ltr'><em>aut</em></span> <span class='ocrx_word' id='word_1_279' title='bbox 1444 3099 1520 3146; x_wconf 86' lang='lat' dir='ltr'><em>eam</em></span> <span class='ocrx_word' id='word_1_280' title='bbox 1548 3073 1743 3151; x_wconf 86' lang='lat' dir='ltr'><em>infeliciter</em></span> <span class='ocrx_word' id='word_1_281' title='bbox 1778 3107 1878 3155; x_wconf 81' lang='lat' dir='ltr'><em>exer·</em></span> 
     </span>
     <span class='ocr_line' id='line_1_29' title="bbox 231 3173 1876 3279; baseline 0.001 -24"><span class='ocrx_word' id='word_1_282' title='bbox 231 3181 407 3258; x_wconf 78' lang='lat' dir='ltr'><em>nondam.</em></span> <span class='ocrx_word' id='word_1_283' title='bbox 444 3181 537 3256; x_wconf 80' lang='lat' dir='ltr'><em>inter</em></span> <span class='ocrx_word' id='word_1_284' title='bbox 563 3207 651 3279; x_wconf 81' lang='lat' dir='ltr'><em>quos</em></span> <span class='ocrx_word' id='word_1_285' title='bbox 683 3181 853 3254; x_wconf 83' lang='lat' dir='ltr'><em>Horatius</em></span> <span class='ocrx_word' id='word_1_286' title='bbox 905 3181 996 3250; x_wconf 84' lang='lat' dir='ltr'><em>Vec-</em></span> <span class='ocrx_word' id='word_1_287' title='bbox 1045 3184 1073 3248; x_wconf 86' lang='lat' dir='ltr'>D</span> <span class='ocrx_word' id='word_1_288' title='bbox 1117 3177 1299 3262; x_wconf 82' lang='lat' dir='ltr'><em>tentibus,</em></span> <span class='ocrx_word' id='word_1_289' title='bbox 1338 3173 1401 3271; x_wconf 87' lang='lat' dir='ltr'><em>qui</em></span> <span class='ocrx_word' id='word_1_290' title='bbox 1428 3175 1470 3246; x_wconf 90' lang='lat' dir='ltr'><em>ad</em></span> <span class='ocrx_word' id='word_1_291' title='bbox 1498 3174 1607 3271; x_wconf 71' lang='lat' dir='ltr'><em>ipsam</em></span> <span class='ocrx_word' id='word_1_292' title='bbox 1645 3182 1876 3256; x_wconf 76' lang='lat' dir='ltr'><em>excusandam</em></span> 
     </span>
     <span class='ocr_line' id='line_1_30' title="bbox 233 3273 1877 3373; baseline 0 -17"><span class='ocrx_word' id='word_1_293' title='bbox 233 3281 333 3356; x_wconf 84' lang='lat' dir='ltr'><em>chius</em></span> <span class='ocrx_word' id='word_1_294' title='bbox 375 3281 587 3356; x_wconf 72' lang='lat' dir='ltr'><em>Mutinensis</em></span> <span class='ocrx_word' id='word_1_295' title='bbox 629 3283 838 3352; x_wconf 82' lang='lat' dir='ltr'><em>Harmoniam</em></span> <span class='ocrx_word' id='word_1_296' title='bbox 878 3280 997 3373; x_wconf 78' lang='lat' dir='ltr'><em>primus</em></span> <span class='ocrx_word' id='word_1_297' title='bbox 1116 3277 1149 3351; x_wconf 87' lang='lat' dir='ltr'><em>se</em></span> <span class='ocrx_word' id='word_1_298' title='bbox 1169 3277 1201 3350; x_wconf 90' lang='lat' dir='ltr'><em>se</em></span> <span class='ocrx_word' id='word_1_299' title='bbox 1221 3273 1877 3356; x_wconf 83' lang='lat' dir='ltr'><em>conserebant.Ceterumnullatem-</em></span> 
     </span>
     <span class='ocr_line' id='line_1_31' title="bbox 233 3377 1879 3475; baseline 0.001 -20"><span class='ocrx_word' id='word_1_300' title='bbox 233 3383 377 3455; x_wconf 85' lang='lat' dir='ltr'><em>Comicae</em></span> <span class='ocrx_word' id='word_1_301' title='bbox 411 3384 566 3472; x_wconf 72' lang='lat' dir='ltr'><em>facultati</em></span> <span class='ocrx_word' id='word_1_302' title='bbox 606 3380 796 3469; x_wconf 73' lang='lat' dir='ltr'><em>coniunxit,</em></span> <span class='ocrx_word' id='word_1_303' title='bbox 841 3400 997 3475; x_wconf 77' lang='lat' dir='ltr'><em>totumque</em></span> <span class='ocrx_word' id='word_1_304' title='bbox 1117 3405 1201 3474; x_wconf 84' lang='lat' dir='ltr'><em>pora</em></span> <span class='ocrx_word' id='word_1_305' title='bbox 1227 3377 1344 3461; x_wconf 87' lang='lat' dir='ltr'><em>suere,</em></span> <span class='ocrx_word' id='word_1_306' title='bbox 1370 3378 1497 3474; x_wconf 90' lang='lat' dir='ltr'><em>quibus</em></span> <span class='ocrx_word' id='word_1_307' title='bbox 1528 3377 1684 3454; x_wconf 69' lang='lat' dir='ltr'><em>Pii&#39;iores</em></span> <span class='ocrx_word' id='word_1_308' title='bbox 1710 3384 1879 3458; x_wconf 85' lang='lat' dir='ltr'><em>desidera·</em></span> 
     </span>
     <span class='ocr_line' id='line_1_32' title="bbox 233 3479 1878 3577; baseline 0.002 -21"><span class='ocrx_word' id='word_1_309' title='bbox 233 3505 387 3556; x_wconf 69' lang='lat' dir='ltr'><em>arrarum</em></span> <span class='ocrx_word' id='word_1_310' title='bbox 428 3488 532 3557; x_wconf 79' lang='lat' dir='ltr'><em>orbem</em></span> <span class='ocrx_word' id='word_1_311' title='bbox 577 3485 611 3553; x_wconf 86' lang='lat' dir='ltr'><em>r&#39;rt</em></span> <span class='ocrx_word' id='word_1_312' title='bbox 651 3484 705 3575; x_wconf 70' lang='grc' dir='ltr'><em>[αἱ</em></span> <span class='ocrx_word' id='word_1_313' title='bbox 754 3483 997 3554; x_wconf 77' lang='lat' dir='ltr'><em>admirationem</em></span> <span class='ocrx_word' id='word_1_314' title='bbox 1117 3481 1147 3554; x_wconf 91' lang='lat' dir='ltr'><em>ti</em></span> <span class='ocrx_word' id='word_1_315' title='bbox 1175 3479 1327 3554; x_wconf 79' lang='lat' dir='ltr'><em>suerint:</em></span> <span class='ocrx_word' id='word_1_316' title='bbox 1357 3480 1421 3552; x_wconf 85' lang='lat' dir='ltr'><em>Sed</em></span> <span class='ocrx_word' id='word_1_317' title='bbox 1448 3480 1539 3577; x_wconf 85' lang='lat' dir='ltr'><em>qui,</em></span> <span class='ocrx_word' id='word_1_318' title='bbox 1566 3482 1729 3577; x_wconf 82' lang='lat' dir='ltr'><em>qualesve</em></span> <span class='ocrx_word' id='word_1_319' title='bbox 1757 3486 1878 3560; x_wconf 67' lang='lat' dir='ltr'><em>Pitin-</em></span> 
     </span>
     <span class='ocr_line' id='line_1_33' title="bbox 231 3580 1880 3683; baseline 0.005 -28"><span class='ocrx_word' id='word_1_320' title='bbox 231 3591 355 3667; x_wconf 82' lang='lat' dir='ltr'><em>traxit,</em></span> <span class='ocrx_word' id='word_1_321' title='bbox 396 3605 436 3658; x_wconf 88' lang='lat' dir='ltr'><em>ut</em></span> <span class='ocrx_word' id='word_1_322' title='bbox 475 3585 513 3660; x_wconf 93' lang='lat' dir='ltr'><em>in</em></span> <span class='ocrx_word' id='word_1_323' title='bbox 556 3586 630 3683; x_wconf 71' lang='lat' dir='ltr'><em>ejus</em></span> <span class='ocrx_word' id='word_1_324' title='bbox 672 3582 865 3680; x_wconf 79' lang='lat' dir='ltr'><em>Epitaphio</em></span> <span class='ocrx_word' id='word_1_325' title='bbox 893 3581 995 3657; x_wconf 85' lang='lat' dir='ltr'><em>habe·</em></span> <span class='ocrx_word' id='word_1_326' title='bbox 1116 3610 1194 3673; x_wconf 83' lang='lat' dir='ltr'><em>res,</em></span> <span class='ocrx_word' id='word_1_327' title='bbox 1220 3587 1312 3656; x_wconf 87' lang='lat' dir='ltr'><em>bone</em></span> <span class='ocrx_word' id='word_1_328' title='bbox 1339 3584 1452 3654; x_wconf 84' lang='lat' dir='ltr'><em>Deus!</em></span> <span class='ocrx_word' id='word_1_329' title='bbox 1481 3580 1621 3680; x_wconf 87' lang='lat' dir='ltr'><em>inquiat</em></span> <span class='ocrx_word' id='word_1_330' title='bbox 1648 3585 1798 3682; x_wconf 83' lang='lat' dir='ltr'><em>aliquis.</em></span> <span class='ocrx_word' id='word_1_331' title='bbox 1826 3593 1880 3663; x_wconf 80' lang='lat' dir='ltr'><em>At</em></span> 
     </span>
     <span class='ocr_line' id='line_1_34' title="bbox 233 3677 1881 3789; baseline 0.002 -29"><span class='ocrx_word' id='word_1_332' title='bbox 233 3704 320 3774; x_wconf 87' lang='lat' dir='ltr'><em>tur,</em></span> <span class='ocrx_word' id='word_1_333' title='bbox 360 3687 454 3784; x_wconf 91' lang='lat' dir='ltr'><em>quod</em></span> <span class='ocrx_word' id='word_1_334' title='bbox 479 3687 648 3779; x_wconf 72' lang='lat' dir='ltr'><em>evulgari</em></span> <span class='ocrx_word' id='word_1_335' title='bbox 676 3689 748 3760; x_wconf 89' lang='lat' dir='ltr'><em>Lib</em></span> <span class='ocrx_word' id='word_1_336' title='bbox 785 3711 814 3782; x_wconf 88' lang='lat'><em>3.</em></span> <span class='ocrx_word' id='word_1_337' title='bbox 845 3677 936 3781; x_wconf 79' lang='lat' dir='ltr'><em>Cap.</em></span> <span class='ocrx_word' id='word_1_338' title='bbox 959 3710 996 3779; x_wconf 89' lang='lat'><em>4.</em></span> <span class='ocrx_word' id='word_1_339' title='bbox 1118 3711 1231 3781; x_wconf 89' lang='lat' dir='ltr'><em>neque</em></span> <span class='ocrx_word' id='word_1_340' title='bbox 1257 3709 1345 3782; x_wconf 78' lang='lat' dir='ltr'><em>ego,</em></span> <span class='ocrx_word' id='word_1_341' title='bbox 1372 3709 1484 3782; x_wconf 88' lang='lat' dir='ltr'><em>neque</em></span> <span class='ocrx_word' id='word_1_342' title='bbox 1510 3683 1569 3758; x_wconf 90' lang='lat' dir='ltr'><em>illi</em></span> <span class='ocrx_word' id='word_1_343' title='bbox 1604 3684 1804 3786; x_wconf 69' lang='lat' dir='ltr'><em>huiusmodi</em></span> <span class='ocrx_word' id='word_1_344' title='bbox 1826 3690 1881 3789; x_wconf 88' lang='lat' dir='ltr'><em>pi·</em></span> 
     </span>
     <span class='ocr_line' id='line_1_35' title="bbox 235 3760 1879 3881; baseline 0.002 -22"><span class='ocrx_word' id='word_1_345' title='bbox 235 3786 346 3860; x_wconf 82' lang='lat' dir='ltr'><em>Tomi</em></span> <span class='ocrx_word' id='word_1_346' title='bbox 399 3813 431 3861; x_wconf 87' lang='lat' dir='ltr'><em>n.</em></span> <span class='ocrx_word' id='word_1_347' title='bbox 469 3787 614 3861; x_wconf 65' lang='lat' dir='ltr'><em>Perseis.</em></span> <span class='ocrx_word' id='word_1_348' title='bbox 658 3788 789 3861; x_wconf 74' lang='grc' dir='ltr'><strong>Ροὲῑίε.</strong></span> <span class='ocrx_word' id='word_1_349' title='bbox 826 3787 996 3859; x_wconf 87' lang='lat' dir='ltr'><em>Italicae.</em></span> <span class='ocrx_word' id='word_1_350' title='bbox 1079 3760 1233 3881; x_wconf 67' lang='lat' dir='ltr'><em>siluros</em></span> <span class='ocrx_word' id='word_1_351' title='bbox 1260 3784 1452 3881; x_wconf 84' lang='lat' dir='ltr'><em>conspicati</em></span> <span class='ocrx_word' id='word_1_352' title='bbox 1480 3783 1618 3867; x_wconf 84' lang='lat' dir='ltr'><em>sumus,</em></span> <span class='ocrx_word' id='word_1_353' title='bbox 1660 3807 1704 3861; x_wconf 87' lang='lat' dir='ltr'><em>ut</em></span> <span class='ocrx_word' id='word_1_354' title='bbox 1745 3790 1879 3866; x_wconf 73' lang='lat' dir='ltr'><em>rebium</em></span> 
     </span>
     <span class='ocr_line' id='line_1_36' title="bbox 239 3883 1880 3989; baseline 0.002 -24"><span class='ocrx_word' id='word_1_355' title='bbox 239 3893 344 3965; x_wconf 87' lang='lat' dir='ltr'><em>Nunc</em></span> <span class='ocrx_word' id='word_1_356' title='bbox 369 3893 464 3964; x_wconf 63' lang='lat' dir='ltr'><em>certi</em></span> <span class='ocrx_word' id='word_1_357' title='bbox 490 3889 661 3988; x_wconf 80' lang='lat' dir='ltr'><em>stuporem</em></span> <span class='ocrx_word' id='word_1_358' title='bbox 688 3889 825 3989; x_wconf 88' lang='lat' dir='ltr'><em>ingerat</em></span> <span class='ocrx_word' id='word_1_359' title='bbox 844 3886 998 3988; x_wconf 78' lang='lat' dir='ltr'><em>Musicae</em></span> <span class='ocrx_word' id='word_1_360' title='bbox 1118 3889 1160 3960; x_wconf 88' lang='lat' dir='ltr'><em>de</em></span> <span class='ocrx_word' id='word_1_361' title='bbox 1187 3885 1262 3959; x_wconf 81' lang='lat' dir='ltr'><em>illie</em></span> <span class='ocrx_word' id='word_1_362' title='bbox 1292 3883 1461 3979; x_wconf 85' lang='lat' dir='ltr'><em>judicium</em></span> <span class='ocrx_word' id='word_1_363' title='bbox 1489 3883 1577 3957; x_wconf 85' lang='lat' dir='ltr'><em>serre</em></span> <span class='ocrx_word' id='word_1_364' title='bbox 1602 3887 1730 3964; x_wconf 85' lang='lat' dir='ltr'><em>liceat.</em></span> <span class='ocrx_word' id='word_1_365' title='bbox 1758 3893 1880 3970; x_wconf 86' lang='lat' dir='ltr'><em>Theo·</em></span> 
     </span>
     <span class='ocr_line' id='line_1_37' title="bbox 237 3984 1880 4088; baseline 0.004 -26"><span class='ocrx_word' id='word_1_366' title='bbox 237 3989 368 4063; x_wconf 82' lang='lat' dir='ltr'><em>nostrae</em></span> <span class='ocrx_word' id='word_1_367' title='bbox 403 3991 441 4062; x_wconf 85' lang='lat' dir='ltr'><em>in</em></span> <span class='ocrx_word' id='word_1_368' title='bbox 469 4011 568 4063; x_wconf 85' lang='lat' dir='ltr'><em>tanta</em></span> <span class='ocrx_word' id='word_1_369' title='bbox 594 3993 767 4063; x_wconf 85' lang='lat' dir='ltr'><em>varietate</em></span> <span class='ocrx_word' id='word_1_370' title='bbox 803 4017 930 4063; x_wconf 87' lang='lat' dir='ltr'><em>vocum</em></span> <span class='ocrx_word' id='word_1_371' title='bbox 958 4015 997 4060; x_wconf 85' lang='lat' dir='ltr'><em>ae</em></span> <span class='ocrx_word' id='word_1_372' title='bbox 1117 3986 1259 4059; x_wconf 84' lang='lat' dir='ltr'><em>dclinda</em></span> <span class='ocrx_word' id='word_1_373' title='bbox 1285 3984 1597 4081; x_wconf 77' lang='lat' dir='ltr'><em>Langobardorum</em></span> <span class='ocrx_word' id='word_1_374' title='bbox 1638 3991 1771 4088; x_wconf 84' lang='lat' dir='ltr'><em>Regina</em></span> <span class='ocrx_word' id='word_1_375' title='bbox 1813 3997 1880 4069; x_wconf 87' lang='lat' dir='ltr'><em>cir-</em></span> 
     </span>
     <span class='ocr_line' id='line_1_38' title="bbox 236 4084 1881 4186; baseline 0.004 -22"><span class='ocrx_word' id='word_1_376' title='bbox 236 4089 545 4166; x_wconf 74' lang='lat' dir='ltr'><em>instrumentorum</em></span> <span class='ocrx_word' id='word_1_377' title='bbox 603 4088 834 4162; x_wconf 85' lang='lat' dir='ltr'><em>consonantia</em></span> <span class='ocrx_word' id='word_1_378' title='bbox 892 4110 998 4186; x_wconf 88' lang='lat' dir='ltr'><em>atque</em></span> <span class='ocrx_word' id='word_1_379' title='bbox 1046 4084 1073 4152; x_wconf 75' lang='grc' dir='ltr'>Ε</span> <span class='ocrx_word' id='word_1_380' title='bbox 1118 4090 1208 4160; x_wconf 87' lang='lat' dir='ltr'><em>citer</em></span> <span class='ocrx_word' id='word_1_381' title='bbox 1254 4090 1399 4159; x_wconf 86' lang='lat' dir='ltr'><em>Annum</em></span> <span class='ocrx_word' id='word_1_382' title='bbox 1444 4084 1578 4162; x_wconf 79' lang='lat' dir='ltr'><em>Christi</em></span> <span class='ocrx_word' id='word_1_383' title='bbox 1617 4094 1770 4169; x_wconf 86' lang='lat' dir='ltr'><em>DXCll.</em></span> <span class='ocrx_word' id='word_1_384' title='bbox 1796 4095 1881 4169; x_wconf 88' lang='lat' dir='ltr'><em>Mo-</em></span> 
     </span>
     <span class='ocr_line' id='line_1_39' title="bbox 238 4187 1881 4290; baseline -0.001 -23"><span class='ocrx_word' id='word_1_385' title='bbox 238 4189 443 4267; x_wconf 84' lang='lat' dir='ltr'><em>oonsensus.</em></span> <span class='ocrx_word' id='word_1_386' title='bbox 472 4192 599 4266; x_wconf 86' lang='lat' dir='ltr'><em>Liceat</em></span> <span class='ocrx_word' id='word_1_387' title='bbox 624 4212 743 4262; x_wconf 84' lang='lat' dir='ltr'><em>tamen</em></span> <span class='ocrx_word' id='word_1_388' title='bbox 770 4189 907 4270; x_wconf 84' lang='lat' dir='ltr'><em>dicere,</em></span> <span class='ocrx_word' id='word_1_389' title='bbox 933 4215 998 4263; x_wconf 93' lang='lat' dir='ltr'><em>no·</em></span> <span class='ocrx_word' id='word_1_390' title='bbox 1119 4187 1256 4261; x_wconf 86' lang='lat' dir='ltr'><em>do&#39;e&#39;tiae</em></span> <span class='ocrx_word' id='word_1_391' title='bbox 1276 4191 1370 4279; x_wconf 67' lang='lat' dir='ltr'><em>suum</em></span> <span class='ocrx_word' id='word_1_392' title='bbox 1390 4192 1555 4263; x_wconf 82' lang='lat' dir='ltr'><em>Palatium</em></span> <span class='ocrx_word' id='word_1_393' title='bbox 1573 4195 1741 4276; x_wconf 80' lang='lat' dir='ltr'><em>condidit,</em></span> <span class='ocrx_word' id='word_1_394' title='bbox 1768 4198 1802 4265; x_wconf 89' lang='lat' dir='ltr'><em>in</em></span> <span class='ocrx_word' id='word_1_395' title='bbox 1823 4224 1881 4290; x_wconf 83' lang='lat' dir='ltr'><em>qun</em></span> 
     </span>
     <span class='ocr_line' id='line_1_40' title="bbox 236 4290 1880 4392; baseline 0 -24"><span class='ocrx_word' id='word_1_396' title='bbox 236 4295 291 4369; x_wconf 80' lang='lat' dir='ltr'><em>bis</em></span> <span class='ocrx_word' id='word_1_397' title='bbox 319 4314 458 4368; x_wconf 84' lang='lat' dir='ltr'><em>tanturn</em></span> <span class='ocrx_word' id='word_1_398' title='bbox 487 4318 558 4366; x_wconf 88' lang='lat' dir='ltr'><em>non</em></span> <span class='ocrx_word' id='word_1_399' title='bbox 599 4291 664 4365; x_wconf 80' lang='lat' dir='ltr'><em>elle</em></span> <span class='ocrx_word' id='word_1_400' title='bbox 693 4290 926 4392; x_wconf 84' lang='lat' dir='ltr'><em>plaudendum</em></span> <span class='ocrx_word' id='word_1_401' title='bbox 953 4318 997 4366; x_wconf 86' lang='lat' dir='ltr'><em>ex</em></span> <span class='ocrx_word' id='word_1_402' title='bbox 1118 4292 1243 4387; x_wconf 64' lang='lat' dir='ltr'><em>aliqud</em></span> <span class='ocrx_word' id='word_1_403' title='bbox 1268 4293 1313 4362; x_wconf 66' lang='lat' dir='ltr'><em>(r</em></span> <span class='ocrx_word' id='word_1_404' title='bbox 1337 4295 1377 4363; x_wconf 83' lang='lat' dir='ltr'><em>de</em></span> <span class='ocrx_word' id='word_1_405' title='bbox 1403 4295 1681 4385; x_wconf 78' lang='lat' dir='ltr'><em>Larrgrimrdorum</em></span> <span class='ocrx_word' id='word_1_406' title='bbox 1702 4297 1799 4390; x_wconf 81' lang='lat' dir='ltr'><em>gellis</em></span> <span class='ocrx_word' id='word_1_407' title='bbox 1824 4306 1880 4368; x_wconf 83' lang='lat' dir='ltr'><em>de·</em></span> 
     </span>
     <span class='ocr_line' id='line_1_41' title="bbox 236 4390 1881 4495; baseline 0.004 -26"><span class='ocrx_word' id='word_1_408' title='bbox 236 4395 458 4493; x_wconf 70' lang='lat' dir='ltr'><em>hujusmodi.</em></span> <span class='ocrx_word' id='word_1_409' title='bbox 487 4393 666 4476; x_wconf 85' lang='lat' dir='ltr'><em>inventis,</em></span> <span class='ocrx_word' id='word_1_410' title='bbox 711 4393 779 4467; x_wconf 87' lang='lat' dir='ltr'><em>hoc</em></span> <span class='ocrx_word' id='word_1_411' title='bbox 826 4392 899 4473; x_wconf 79' lang='lat' dir='ltr'><em>est.</em></span> <span class='ocrx_word' id='word_1_412' title='bbox 925 4390 927 4393; x_wconf 65' lang='grc'><strong>’</strong></span> <span class='ocrx_word' id='word_1_413' title='bbox 953 4420 997 4467; x_wconf 79' lang='lat' dir='ltr'><em>ex</em></span> <span class='ocrx_word' id='word_1_414' title='bbox 1117 4393 1211 4488; x_wconf 78' lang='lat' dir='ltr'><em>pingi</em></span> <span class='ocrx_word' id='word_1_415' title='bbox 1245 4392 1353 4482; x_wconf 64' lang='lat' dir='ltr'><em>feru.</em></span> <span class='ocrx_word' id='word_1_416' title='bbox 1394 4393 1582 4466; x_wconf 84' lang='lat' dir='ltr'><em>Ermoldus</em></span> <span class='ocrx_word' id='word_1_417' title='bbox 1633 4394 1798 4495; x_wconf 79' lang='lat' dir='ltr'><em>Nigellus</em></span> <span class='ocrx_word' id='word_1_418' title='bbox 1837 4401 1881 4476; x_wconf 85' lang='lat' dir='ltr'><em>de</em></span> 
     </span>
    </p>
   </div>
   <div class='ocr_carea' id='block_1_3' title="bbox 234 4490 1881 5042">
    <p class='ocr_par' dir='ltr' id='par_1_4' title="bbox 234 4490 1881 5042">
     <span class='ocr_line' id='line_1_42' title="bbox 236 4490 1881 4600; baseline -0.002 -27"><span class='ocrx_word' id='word_1_419' title='bbox 236 4496 467 4581; x_wconf 85' lang='lat' dir='ltr'><em>admirabili,</em></span> <span class='ocrx_word' id='word_1_420' title='bbox 515 4517 556 4571; x_wconf 90' lang='lat' dir='ltr'><em>ut</em></span> <span class='ocrx_word' id='word_1_421' title='bbox 603 4515 805 4595; x_wconf 86' lang='lat' dir='ltr'><em>putamus,</em></span> <span class='ocrx_word' id='word_1_422' title='bbox 846 4492 999 4570; x_wconf 82' lang='lat' dir='ltr'><em>Musicae</em></span> <span class='ocrx_word' id='word_1_423' title='bbox 1119 4490 1407 4581; x_wconf 62' lang='lat' dir='ltr'><em>contuemini</em></span> <span class='ocrx_word' id='word_1_424' title='bbox 1446 4492 1502 4566; x_wconf 86' lang='lat' dir='ltr'><em>Pii</em></span> <span class='ocrx_word' id='word_1_425' title='bbox 1538 4495 1623 4570; x_wconf 87' lang='lat' dir='ltr'><em>Lib.</em></span> <span class='ocrx_word' id='word_1_426' title='bbox 1642 4524 1681 4591; x_wconf 86' lang='lat'><em>4.</em></span> <span class='ocrx_word' id='word_1_427' title='bbox 1712 4526 1789 4600; x_wconf 77' lang='lat' dir='ltr'><em>pag.</em></span> <span class='ocrx_word' id='word_1_428' title='bbox 1816 4508 1881 4596; x_wconf 79' lang='lat'><em>⁶5·</em></span> 
     </span>
     <span class='ocr_line' id='line_1_43' title="bbox 237 4593 1880 4697; baseline 0.002 -22"><span class='ocrx_word' id='word_1_429' title='bbox 237 4599 341 4675; x_wconf 78' lang='lat' dir='ltr'><em>Artis</em></span> <span class='ocrx_word' id='word_1_430' title='bbox 384 4600 584 4697; x_wconf 73' lang='lat' dir='ltr'><em>progressu,</em></span> <span class='ocrx_word' id='word_1_431' title='bbox 626 4598 712 4683; x_wconf 79' lang='lat' dir='ltr'><em>ooin</em></span> <span class='ocrx_word' id='word_1_432' title='bbox 757 4593 857 4668; x_wconf 80' lang='lat' dir='ltr'><em>simul</em></span> <span class='ocrx_word' id='word_1_433' title='bbox 899 4595 999 4671; x_wconf 87' lang='lat' dir='ltr'><em>illius</em></span> <span class='ocrx_word' id='word_1_434' title='bbox 1121 4599 1214 4669; x_wconf 88' lang='lat' dir='ltr'><em>Part.</em></span> <span class='ocrx_word' id='word_1_435' title='bbox 1240 4597 1285 4666; x_wconf 88' lang='lat' dir='ltr'><em>ll.</em></span> <span class='ocrx_word' id='word_1_436' title='bbox 1312 4594 1424 4667; x_wconf 87' lang='lat' dir='ltr'><em>Tomi</em></span> <span class='ocrx_word' id='word_1_437' title='bbox 1455 4597 1503 4667; x_wconf 90' lang='lat' dir='ltr'><em>ll.</em></span> <span class='ocrx_word' id='word_1_438' title='bbox 1527 4599 1606 4669; x_wconf 89' lang='lat' dir='ltr'><em>Rec.</em></span> <span class='ocrx_word' id='word_1_439' title='bbox 1636 4600 1790 4676; x_wconf 83' lang='lat' dir='ltr'><em>italicar.</em></span> <span class='ocrx_word' id='word_1_440' title='bbox 1820 4603 1880 4677; x_wconf 90' lang='lat' dir='ltr'><em>de·</em></span> 
     </span>
     <span class='ocr_line' id='line_1_44' title="bbox 237 4695 1880 4802; baseline -0.007 -26"><span class='ocrx_word' id='word_1_441' title='bbox 237 4727 364 4802; x_wconf 81' lang='lat' dir='ltr'><em>pravat</em></span> <span class='ocrx_word' id='word_1_442' title='bbox 390 4697 534 4773; x_wconf 69' lang='lat' dir='ltr'><em>essokiut</em></span> <span class='ocrx_word' id='word_1_443' title='bbox 559 4699 805 4800; x_wconf 77' lang='lat' dir='ltr'><em>agnoscamus,</em></span> <span class='ocrx_word' id='word_1_444' title='bbox 832 4698 915 4771; x_wconf 87' lang='lat' dir='ltr'><em>dum</em></span> <span class='ocrx_word' id='word_1_445' title='bbox 939 4726 999 4794; x_wconf 74' lang='lat' dir='ltr'><em>pro</em></span> <span class='ocrx_word' id='word_1_446' title='bbox 1119 4695 1270 4770; x_wconf 85' lang='lat' dir='ltr'><em>scribens</em></span> <span class='ocrx_word' id='word_1_447' title='bbox 1300 4696 1475 4769; x_wconf 83' lang='lat' dir='ltr'><em>Palatium</em></span> <span class='ocrx_word' id='word_1_448' title='bbox 1508 4722 1552 4770; x_wconf 87' lang='lat' dir='ltr'><em>ac</em></span> <span class='ocrx_word' id='word_1_449' title='bbox 1585 4701 1780 4801; x_wconf 80' lang='lat' dir='ltr'><em>Templum</em></span> <span class='ocrx_word' id='word_1_450' title='bbox 1823 4710 1880 4778; x_wconf 86' lang='lat' dir='ltr'><em>ln.</em></span> 
     </span>
     <span class='ocr_line' id='line_1_45' title="bbox 234 4795 1880 4904; baseline 0.001 -26"><span class='ocrx_word' id='word_1_451' title='bbox 234 4797 502 4877; x_wconf 74' lang='lat' dir='ltr'><em>virilirMusrci</em></span> <span class='ocrx_word' id='word_1_452' title='bbox 528 4803 673 4873; x_wconf 88' lang='lat' dir='ltr'><em>mollem</em></span> <span class='ocrx_word' id='word_1_453' title='bbox 700 4827 739 4873; x_wconf 87' lang='lat' dir='ltr'><em>ac</em></span> <span class='ocrx_word' id='word_1_454' title='bbox 759 4799 996 4875; x_wconf 83' lang='lat' dir='ltr'><em>&#39;effeminatam</em></span> <span class='ocrx_word' id='word_1_455' title='bbox 1117 4795 1354 4897; x_wconf 82' lang='lat' dir='ltr'><em>gelheimense</em></span> <span class='ocrx_word' id='word_1_456' title='bbox 1381 4824 1399 4870; x_wconf 94' lang='lat' dir='ltr'><em>a</em></span> <span class='ocrx_word' id='word_1_457' title='bbox 1425 4795 1562 4877; x_wconf 87' lang='lat' dir='ltr'><em>Carolo</em></span> <span class='ocrx_word' id='word_1_458' title='bbox 1587 4805 1725 4904; x_wconf 77' lang='lat' dir='ltr'><em>Magno</em></span> <span class='ocrx_word' id='word_1_459' title='bbox 1757 4808 1880 4880; x_wconf 87' lang='lat' dir='ltr'><em>condi-</em></span> 
     </span>
     <span class='ocr_line' id='line_1_46' title="bbox 234 4898 1879 5042; baseline 0.005 -68"><span class='ocrx_word' id='word_1_460' title='bbox 234 4930 378 5003; x_wconf 83' lang='lat' dir='ltr'><em>regnare</em></span> <span class='ocrx_word' id='word_1_461' title='bbox 418 4902 755 5000; x_wconf 59' lang='lat' dir='ltr'><em>cernimumquarn</em></span> <span class='ocrx_word' id='word_1_462' title='bbox 800 4899 927 4981; x_wconf 79' lang='lat' dir='ltr'><em>Graeci</em></span> <span class='ocrx_word' id='word_1_463' title='bbox 959 4898 1031 5042; x_wconf 56' lang='lat' dir='ltr'><em>&amp;q</em></span> <span class='ocrx_word' id='word_1_464' title='bbox 1120 4919 1222 4981; x_wconf 87' lang='lat' dir='ltr'><em>turn,</em></span> <span class='ocrx_word' id='word_1_465' title='bbox 1250 4898 1456 4997; x_wconf 75' lang='lat' dir='ltr'><em>singillatim</em></span> <span class='ocrx_word' id='word_1_466' title='bbox 1484 4902 1658 4993; x_wconf 74' lang='lat' dir='ltr'><em>recenset,</em></span> <span class='ocrx_word' id='word_1_467' title='bbox 1698 4933 1786 5001; x_wconf 88' lang='lat' dir='ltr'><em>quae</em></span> <span class='ocrx_word' id='word_1_468' title='bbox 1824 4906 1879 4983; x_wconf 88' lang='lat' dir='ltr'><em>ibi</em></span> 
     </span>
    </p>
   </div>
   <div class='ocr_carea' id='block_1_4' title="bbox 237 4998 1880 5196">
    <p class='ocr_par' dir='ltr' id='par_1_5' title="bbox 237 4998 1880 5196">
     <span class='ocr_line' id='line_1_47' title="bbox 237 4998 1879 5170; baseline 0.001 -90"><span class='ocrx_word' id='word_1_469' title='bbox 237 5004 391 5081; x_wconf 77' lang='lat' dir='ltr'><em>Romani</em></span> <span class='ocrx_word' id='word_1_470' title='bbox 432 5027 554 5075; x_wconf 84' lang='lat' dir='ltr'><em>omnes</em></span> <span class='ocrx_word' id='word_1_471' title='bbox 581 4998 716 5073; x_wconf 86' lang='lat' dir='ltr'><em>cordati</em></span> <span class='ocrx_word' id='word_1_472' title='bbox 742 5001 832 5074; x_wconf 90' lang='lat' dir='ltr'><em>olim</em></span> <span class='ocrx_word' id='word_1_473' title='bbox 863 4999 964 5073; x_wconf 83' lang='lat' dir='ltr'><em>&#39;avers</em></span> <span class='ocrx_word' id='word_1_474' title='bbox 981 5041 998 5058; x_wconf 86' lang='lat'><strong>·</strong></span> <span class='ocrx_word' id='word_1_475' title='bbox 1119 4998 1214 5170; x_wconf 52' lang='lat'><em>9534?</em></span> <span class='ocrx_word' id='word_1_476' title='bbox 1239 5000 1356 5082; x_wconf 84' lang='lat' dir='ltr'><em>suere,</em></span> <span class='ocrx_word' id='word_1_477' title='bbox 1397 4998 1438 5075; x_wconf 87' lang='lat'>&amp;</span> <span class='ocrx_word' id='word_1_478' title='bbox 1475 5005 1638 5098; x_wconf 84' lang='lat' dir='ltr'><em>quidem,</em></span> <span class='ocrx_word' id='word_1_479' title='bbox 1678 5024 1719 5079; x_wconf 86' lang='lat' dir='ltr'><em>ut</em></span> <span class='ocrx_word' id='word_1_480' title='bbox 1743 5006 1775 5079; x_wconf 89' lang='lat' dir='ltr'><em>is</em></span> <span class='ocrx_word' id='word_1_481' title='bbox 1800 5007 1879 5101; x_wconf 80' lang='lat' dir='ltr'><em>ait,</em></span> 
     </span>
     <span class='ocr_line' id='line_1_48' title="bbox 290 5104 1880 5196; baseline 0.002 -27"><span class='ocrx_word' id='word_1_482' title='bbox 290 5145 298 5185; x_wconf 58' lang='lat' dir='ltr'>f</span> <span class='ocrx_word' id='word_1_483' title='bbox 363 5172 367 5185; x_wconf 62' lang='grc'><em>,</em></span> <span class='ocrx_word' id='word_1_484' title='bbox 1237 5118 1302 5172; x_wconf 80' lang='lat' dir='ltr'><em>tn</em></span> <span class='ocrx_word' id='word_1_485' title='bbox 1772 5106 1828 5196; x_wconf 81' lang='lat' dir='ltr'><em>pi·</em></span> <span class='ocrx_word' id='word_1_486' title='bbox 1876 5104 1880 5113; x_wconf 80' lang='grc'><strong>’</strong></span> 
     </span>
    </p>
   </div>
   <div class='ocr_carea' id='block_1_5' title="bbox 0 0 2128 6004">
    <p class='ocr_par' dir='ltr' id='par_1_6' title="bbox 0 0 2128 6004">
     <span class='ocr_line' id='line_1_49' title="bbox 0 0 2128 6004; baseline 0 0"><span class='ocrx_word' id='word_1_487' title='bbox 0 0 2128 6004; x_wconf 95' lang='lat' dir='ltr'><em> </em></span> 
     </span>
    </p>
   </div>
  </div>
 </body>
</html>
