4216 6014
288 376 372 482 533
591 370 964 461 DISSERTATIO
1001 366 1526 471 VIGESIMATERTIA„
1732 393 1821 491 634

226 488 406 606 accipere,
441 488 476 559 dc
511 489 707 586 majoribus
730 489 838 564 effuse
861 489 993 588 imper·
1031 483 1164 566 nbis
1194 487 1375 572 offerunt,
1411 492 1519 577 vestre
1549 487 1734 576 claritudo,
1768 494 1877 593 vestra

225 587 290 662 tiri
312 613 442 664 mirum
464 588 504 664 io
524 590 671 663 modum
689 609 875 665 amarunt.
899 594 993 665 Rarb

227 689 420 765 barbaricis
446 690 667 791 temporibus
698 690 737 766 in
763 694 887 767 oculos
913 709 998 767 tuos

226 791 383 869 incurrat
413 790 625 867 Titulorum
660 791 830 868 immanis
867 818 997 894 pompa

228 894 264 968 uc
299 890 475 968 excellus.
500 893 622 967 Domni
646 892 824 978 Titulus,
847 892 995 995 fimplex

227 997 264 1070 dc
295 990 570 1077 vetustiffimus,
593 993 729 1097 quippe
759 994 904 1070 uiitatus
935 1000 996 1070 Se·

229 1097 312 1172 culo
344 1097 456 1170 etiam
483 1094 655 1196 vulgaris
687 1095 851 1197 Epochae
877 1101 996 1200 Quar-

230 1214 296 1280 to,
332 1197 424 1294 apud
458 1196 682 1272 Christianos
715 1223 780 1297 per
810 1201 911 1298 plura
940 1197 995 1272 lu·

231 1299 336 1374 binde
352 1300 475 1372 Secula
489 1297 629 1399 viguit.
645 1304 748 1393 Quae
762 1325 856 1382 vox,
872 1324 998 1397 quam·

1104 585 1286 678 celsitudo,
1310 590 1416 677 vesias
1440 593 1652 686 Eminentia,
1675 594 1781 682 vestra
1805 603 1877 670 Do-

1106 687 1241 758 minatio
1276 687 1406 786 (nunc
1440 693 1558 780 vostrar-
1584 696 1769 793 Sigania,
1805 694 1878 771 five

1108 789 1301 884 Veffignoria
1318 791 1333 891 )
1350 847 1361 883 ,
1396 795 1685 889 Excellenriffimer
1707 821 1881 895 quoquc,

1108 889 1143 960 dc
1169 893 1421 985 Sereniffimus;
1442 895 1498 969 uti
1523 895 1561 968 &
1586 898 1734 972 Titulus
1760 905 1881 972 Beati·

1108 993 1232 1063 tudinis
1259 990 1298 1066 ἃ
1325 996 1553 1090 Beariffims,
1579 994 1622 1070 ἃ
1646 1000 1878 1092 Reverenriffr-

1109 1119 1202 1174 mus,
1231 1093 1416 1194 Episcopis
1430 1146 1448 1178 ,.
1469 1095 1514 1172 dt
1536 1099 1722 1198 praecipue
1749 1098 1880 1174 Ponti·

1109 1192 1234 1269 ficibus
1274 1197 1445 1272 Romanis
1484 1201 1674 1274 colurus.
1711 1198 1882 1296 Plerique

1110 1314 1227 1368 tamen
1252 1322 1323 1371 uno
1349 1299 1474 1370 numni*
1492 1299 1613 1374 titulo«
1629 1319 1789 1390 utentes,
1809 1299 1876 1374 ho·

230 1426 340 1498 quam
364 1427 384 1474 c
407 1401 565 1472 Dominus
591 1399 775 1474 contrabio
804 1400 998 1499 prodierit,
1038 1390 1068 1461 B
1109 1420 1231 1468 norem
1255 1396 1402 1473 summ-is
1421 1399 1508 1500 ipfis-
1525 1401 1627 1476 Viris
1646 1422 1751 1501 atque
1772 1400 1882 1475 Prin·

213 1500 416 1589 ‚observata
446 1516 569 1575 tamen
601 1500 674 1577 fere
711 1499 849 1599 semper
870 1499 997 1602 digno·
1027 1544 1029 1549 ·

228 1600 343 1679 scitur
358 1601 404 1677 ad
419 1602 599 1678 Homines
617 1602 868 1691 honorandos,
885 1627 995 1700 quom

232 1706 351 1778 Deum
375 1704 658 1796 tantummodo,
691 1702 838 1806 ejusque
860 1703 995 1778 Filium

232 1806 453 1879 salvatorem
493 1806 673 1887 nostrum,
711 1807 891 1905 appellare
929 1810 996 1876 Do·

230 1906 356 1977 minam
377 1903 550 1979 solerent.
577 1909 701 2004 ltaque
728 1904 849 2001 paffim
875 1903 997 1979 rideas

231 2007 417 2091 Comites,
441 2005 691 2099 Marchiones,
715 2009 751 2082 dc
777 2011 917 2089 Duces,
937 2033 997 2082 eo·

228 2132 308 2183 rum
358 2105 501 2181 scilieet
541 2125 742 2207 temporum
787 2108 997 2207 Principes,

1110 1494 1256 1595 cipibus·
1276 1496 1484 1574 habebant..
1510 1502 1688 1589 ,Monachi
1724 1503 1876 1577 titulum

1112 1598 1235 1670 Domni
1258 1598 1510 1694 retinuerunt,
1530 1599 1574 1677 δὲ
1597 1602 1730 1677 alicubi
1757 1609 1879 1679 Sacer·
1903 1618 1906 1623 '

1110 1696 1210 1773 dotes
1219 1753 1234 1789 ‚.
1258 1725 1377 1799 eoque
1396 1701 1512 1777 etiam.
1533 1701 1578 1776 in
1599 1701 1640 1776 se
1659 1702 1878 1779 subscriben-

1111 1798 1157 1872 do
1193 1817 1373 1875 utuntur:
1406 1803 1507 1901 quod
1537 1802 1726 1879 ridendum
1758 1803 1878 1881 videri

1103 1899 1244 1998 podir,
1258 1927 1373 1999 quum
1388 1902 1485 1980 idem
1509 1904 1557 1980 fit
1570 1911 1735 1989 Domeros,
1761 1903 1800 1981 &
1819 1906 1878 1978 si·

1106 2028 1230 2099 gnere.
1252 2005 1307 2078 Ita
1328 2008 1461 2080 Secnlo
1479 2010 1585 2083 xlv..
1605 2009 1750 2084 Italicos
1773 2006 1884 2082 Prin·-

1110 2103 1212 2202 cipes
1232 2130 1307 2178 non
1330 2106 1413 2181 aliis
1437 2107 1624 2184 decoratos
1648 2108 1767 2184 titulis
1800 2110 1882 2200 ple·

228 2226 291 2285 aut
317 2210 422 2283 nullo
452 2208 568 2284 titulo
591 2208 718 2285 addito
741 2235 999 2285 commemora·
1087 2229 1263 2302 ¹rumque·
1293 2204 1485 2300 invenias,
1513 2209 1582 2283 nist·
1605 2210 1768 2299 illustris,
1794 2215 1876 2281 Md·

228 2309 285 2395 ri,
312 2328 376 2386 aut
392 2311 518 2384 Domni
533 2310 724 2386 dumtaxat
739 2313 915 2387 vocabulo
935 2311 999 2386 do·
1033 2289 1255 2402 Cffgmfici,
1284 2306 1339 2387 &¹
1367 2314 1513 2383 ferentis
1539 2313 1733 2410 Principis.
1764 2314 1878 2385 Porro

227 2411 338 2488 nari:
377 2413 479 2512 cujus
512 2414 597 2487 Ioco
629 2413 722 2502 apud
748 2440 814 2488 nos
841 2410 999 2488 lucceffit
1087 2425 1288 2505 *quartum
1319 2409 1362 2485 in
1394 2412 1572 2486 excelsum
1604 2411 1776 2513 postrema
1803 2412 1880 2487 duo

231 2515 371 2608 Sigeorr
406 2541 430 2588 a
462 2514 601 2589 Latino
631 2516 772 2589 Senior.
811 2517 928 2590 Immo
962 2518 998 2591 dc
1087 2510 1234 2585 ¹Secula
1269 2509 1334 2585 liae
1369 2510 1413 2588 in·
1444 2512 1751 2607 red'eclinarint,
1784 2512 1879 2614 post·

229 2614 296 2715 ipfi
327 2618 589 2711 Imperatores,
622 2641 666 2689 ac
692 2619 830 2704 Reges,
865 2616 998 2715 ipfique
1086 2634 1220 2706 ,quam
1241 2610 1414 2697 videlicet
1438 2613 1657 2713 Hispanicae
1678 2615 1795 2716 gentis
1822 2613 1876 2689 la·

233 2716 347 2792 etiam
371 2717 527 2790 Romani
555 2714 769 2799 Pontifices,
792 2719 912 2790 Domni
938 2745 999 2820 ap·
1030 2762 1034 2771 ι
1109 2709 1176 2783 lius
1204 2710 1417 2788 Italicorum
1441 2740 1561 2811 mores
1591 2715 1751 2810 infecit,
1780 2715 1879 2790 nihil

232 2816 432 2920 pellatione
471 2817 634 2893 contenti
677 2835 810 2892 erant.
855 2824 1002 2891 Domnus
1110 2810 1186 2892 est,
1210 2813 1311 2909 quod?
1332 2840 1402 2913 ego
1430 2842 1736 2894 commemorem.
1767 2816 1879 2914 Quod

233 2925 335 3014 Hugo
365 2927 467 3009 Rex,
503 2925 646 2993 Domnus
680 2919 898 3015 Berrngarrus
921 2927 1004 2992 Aa·
1111 2910 1209 3009 pejus
1235 2911 1302 3001 cst,
1338 2939 1442 2987 caeca
1465 2916 1577 2991 nostra
1603 2919 1786 3001 ambitio,
1816 2917 1878 2993 cui

229 3023 367 3122 gusua,
386 3020 462 3100 &n
488 3019 527 3094 i„
552 3015 683 3092 rabuli,
706 3016 813 3117 ἱρῆς,
831 3045 924 3116 φης
939 3046 1004 3094 gn.
1086 3037 1296 3110 nunquam:
1327 3010 1415 3087 finis·
1444 3040 1490 3089 ac
1521 3017 1682 3099 modus,
1711 3020 1879 3117 graviora

236 3141 274 3199 te
298 3149 359 3198 eos
382 3122 609 3225 legebantur,
632 3118 703 3193 tibi
723 3120 918 3194 identidem
942 3149 1008 3197 oc·

236 3242 409 3300 surrent.
443 3228 499 3297 Ita
529 3228 674 3295 Demens
697 3222 902 3316 Apollolr‘ws
937 3228 1006 3298 Pa.
1111 3213 1159 3286 ad·
1190 3215 1365 3313 majorum
1399 3215 1555 3292 honores·
1583 3218 1731 3309 inhiat,
1755 3219 1879 3295 tituli·

235 3352 317 3432 pam
344 3352 365 3397 a
390 3323 541 3420 reliquis
562 3320 775 3419 distinguere
797 3321 1006 3397 consuevit,
1112 3312 1202 3412 sque
1231 3313 1385 3390 ventolis
1418 3315 1805 3411 finguli,deledlamur
1839 3322 1878 3395 dt

234 3425 420 3504 Interdum
453 3422 541 3496 >lane
572 3420 670 3495 inter
693 3424 831 3520 Regum
858 3420 901 3497 ἂ
926 3427 1005 3500 Au-
1034 3433 1039 3477 ἑ
1091 3414 1318 3515 pascimur.
1346 3419 1416 3493 Sed
1440 3443 1588 3495 manum
1610 3448 1637 3498 e
1656 3421 1782 3499 tubuli
1803 3425 1878 3506 tol·

240 3528 419 3634 galiorum
443 3523 594 3602 Titulos
617 3521 829 3600 honorarios
848 3523 919 3602 sese
939 3553 1005 3601 no·
1037 3567 1040 3574 ·
1092 3522 1192 3596 lere
1211 3516 1386 3622 praestat.

1111 3113 1223 3186 adhuc
1259 3110 1446 3204 minatur,
1469 3112 1556 3190 dum
1581 3118 1733 3217 quisque
1757 3119 1882 3195 minoi·
