4216 6014
380 329 465 425 ⁶99
612 266 1096 436 'sursum
1141 306 1620 403 susurratur·
1810 333 1901 438 700
2049 272 2058 283 ’

310 431 389 524 vrso
421 432 561 530 cooperis
587 434 714 508 utiliter
739 439 775 510 in
801 439 898 509 iocum
924 439 1088 508 calidum.
1122 434 1156 505 A
1193 433 1318 507 uictum
1351 430 1396 521 esi
1420 431 1455 504 in
1487 433 1574 525 solio
1606 432 1713 505 cedrin
1747 459 1808 508 nm
1833 446 1960 517 tritor.⁴

311 537 362 606 Et
393 535 540 630 aperies.
567 539 747 633 Cognosce,
781 543 873 610 donec
891 536 958 629 fiat
983 536 1089 608 veniri

313 634 455 707 utores.
483 642 532 710 Et
554 641 625 735 posi
649 641 702 712 bec
724 641 869 711 dimittes
895 666 965 708 eum
990 639 1089 731 disco·

316 755 472 829 portum:
511 760 639 812 tantum
677 769 745 814 curn
780 763 890 838 penno
929 742 1061 830 cooperis
1070 767 1090 828 ,·

321 843 568 912 tontummunde
594 841 641 920 &⁴
666 843 764 915 tolles
799 845 839 913 de
874 863 1008 914 uvarum
1033 842 1089 912 vi·

322 939 415 1031 ride,
446 943 490 1010 Θ
515 944 660 1038 decoques
686 972 724 1014 ex
749 944 915 1026 nesbiesr,
944 951 1088 1039 decoques

321 1065 390 1112 curn
416 1041 535 1113 hurino
570 1066 763 1140 cxpumrta,
798 1049 893 1116 donec
921 1043 1089 1136 scibantur

314 1141 432 1231 solio,
468 1140 516 1220 &
544 1147 671 1217 tamdiu
707 1149 857 1242 quoquis,
892 1149 1089 1243 quoadusque

320 1242 551 1334 consummatur
581 1247 652 1336 ipsa
686 1248 801 1329 urina,
838 1248 883 1317 Θ·
910 1246 980 1338 fiet
1011 1248 1087 1337 pin·

1195 540 1245 608 De
1268 533 1336 632 posi
1355 534 1513 625 sutnucern
1522 588 1636 609 ......
1651 587 1662 608 .
1698 542 1856 629 Lururim
1886 543 1956 631 pri-

1193 663 1278 707 mum
1299 647 1335 719 ÷
1369 636 1508 728 comisce.
1537 643 1631 708 Teres
1652 638 1801 709 butititer
1820 647 1855 712 r'n
1878 667 1958 712 ntor-

1191 738 1298 827 terio‚
1325 735 1372 816 ἐφ’
1391 738 1497 808 mittes
1514 739 1648 811 burinus
1665 741 1864 836 dispumotus
1883 745 1958 814 Lib.

1194 845 1264 911 XV.
1292 844 1341 910 Et
1375 839 1486 910 mittis·
1514 839 1688 912 inescabo
1722 868 1822 915 nove.
1858 844 1960 916 Deco-

1190 966 1264 1035 ques
1288 943 1383 1011 donec
1407 946 1454 1012 ud
1484 940 1653 1014 dimidium
1687 946 1802 1016 veniat
1831 965 1958 1035 pestem

1191 1041 1260 1130 ipsu
1298 1042 1441 1120 hurino,
1484 1039 1533 1118 (γ’
1573 1064 1674 1114 uteres
1715 1045 1785 1140 ipsa
1825 1074 1956 1122 nanu.

1190 1147 1346 1214 Com....
1382 1141 1582 1212 cinnabarim
1608 1145 1642 1213 in
1668 1145 1825 1218 linteolo.
1851 1151 1919 1220 Del
1940 1190 1958 1203 ·

1191 1246 1249 1313 bes
1269 1240 1351 1326 ficut
1372 1241 1517 1329 superius
1542 1244 1703 1331 contines,
1728 1258 1823 1318 donec
1846 1250 1960 1338 consu«

319 1343 397 1439 guis
431 1345 502 1436 ipsa
535 1345 656 1420 codic.
693 1354 741 1420 Et
776 1351 933 1436 demitte,
969 1371 1006 1419 ur
1040 1374 1090 1415 re·
1126 1343 1155 1413 B
1192 1363 1317 1416 ututur.
1344 1346 1392 1413 Et
1415 1341 1481 1433 posi
1506 1342 1559 1413 bec
1584 1345 1706 1439 reponis
1731 1353 1773 1418 ad
1797 1351 1928 1423 Solem.

318 1442 458 1534 fricdet.
485 1450 534 1517 Et
558 1448 652 1518 tolles
677 1452 718 1520 de
735 1450 820 1541 flore
847 1449 988 1522 neuiacis
1015 1448 1089 1519 Lib.

322 1547 387 1620 ΙΙΙ.
422 1546 516 1642 ipsud
550 1568 657 1618 nutem
693 1570 829 1622 ursatum
864 1549 938 1622 Lib.
977 1554 1021 1623 Π.
1048 1550 1091 1618 (9'

322 1644 493 1721 cinrbrrin
532 1648 674 1721 dimidio
710 1662 782 1740 ᾧ,
822 1648 870 1729 &¹
910 1651 1091 1741 commisce:

258 1835 263 1840 ,
324 1768 390 1822 tere
424 1749 606 1823 munditer.
641 1751 804 1844 Cooperies
839 1752 939 1848 ipsum
974 1773 1091 1824 mortu·
1135 1790 1138 1797 >

326 1850 433 1937 rium,
460 1851 504 1921 Ο·
528 1851 658 1922 demitte
683 1853 778 1924 iilum
804 1854 1006 1951 requiescere.
1044 1858 1092 1924 Et

326 1953 418 2023 telles
443 1973 483 2042 op
492 2003 589 2025 .....
616 1955 660 2022 Θ
686 1957 821 2026 mundus
856 1955 945 2027 intus
969 1953 1017 2035 c&
1038 1953 1091 2045 so—

327 2053 374 2125 ris
399 2053 546 2126 butiliter
559 2102 570 2135 ,
597 2055 641 2125 (9
664 2057 822 2146 delabor,
849 2077 886 2127 ut
911 2085 966 2128 nec
985 2058 1092 2150 sordes

327 2153 460 2228 dimitte
495 2182 549 2227 nec
581 2155 710 2230 linum.
747 2163 796 2228 Et
830 2158 921 2229 tolles
955 2160 1024 2253 ipsa
1057 2183 1092 2228 o·

1293 1543 1382 1618 Alia
1411 1542 1621 1647 compofisio
1644 1547 1852 1643 vermiculi.

1245 1748 1453 1820 Vermicuium
1478 1748 1553 1822 Lib.
1579 1751 1748 1823 dimidiu:
1784 1754 1846 1825 eiii
1879 1783 1957 1828 ver-

1193 1848 1303 1921 miculi
1343 1854 1370 1920 Ι.
1410 1862 1446 1933 ÷
1501 1854 1556 1922 Vt.
1595 1851 1719 1940 pfimiti
1759 1859 1813 1926 Vt.
1853 1863 1959 1932 Luda-

1193 1952 1253 2021 cim
1293 1962 1328 2034 ἦ·
1358 1953 1414 2022 Vt.
1441 1949 1522 2021 tritu
1548 1951 1690 2025 utiliter.
1719 1957 1816 2025 Ponis
1844 1959 1878 2027 in
1904 1988 1958 2030 ca-

1193 2055 1287 2125 cabo.
1312 2054 1428 2123 Addis
1453 2051 1601 2125 butinam
1627 2077 1794 2146 expuncto
1818 2062 1892 2134 Lib.
1912 2068 1956 2136 X.

1194 2149 1243 2232 (γ’
1278 2154 1382 2224 mittis
1417 2153 1453 2223 in
1487 2154 1618 2225 linteolo
1652 2182 1741 2229 raro.
1771 2153 1870 2250 'Pisas
1906 2162 1957 2258 ip-

320 2254 428 2347 siric,
454 2251 502 2336 du*
526 2278 621 2353 pones
646 2258 681 2329 in
707 2258 819 2331 cacabo
845 2263 941 2341 nubo,
970 2260 1017 2340 du
1035 2261 1091 2330 de·
1124 2284 1157 2357 C
1188 2256 1280 2346 surn.
1317 2263 1445 2324 Coccum
1469 2253 1604 2326 delubro
1638 2257 1673 2326 in
1699 2260 1820 2343 urina,
1858 2269 1899 2333 θ
1927 2264 1958 2334 r'-

328 2385 464 2456 quoques
490 2358 524 2430 in
545 2356 693 2450 sornuce,
719 2363 814 2432 donec
831 2367 943 2434 ardeat
963 2364 1005 2431 Θ
1022 2359 1094 2453 fist
1194 2376 1294 2426 terum
1332 2350 1455 2450 pissat-
1495 2358 1637 2429 Delubat
1675 2360 1823 2442 butino,
1863 2367 1959 2436 dotet

324 2460 465 2556 pulvis,
491 2460 536 2529 Θ·
561 2459 729 2548 rescicdas.
756 2470 850 2534 Tcres
868 2463 1014 2548 fimusim
1032 2464 1092 2532 hu·
1193 2460 1388 2554 expendatur
1425 2456 1517 2552 ipsud
1556 2485 1696 2535 coccum.
1725 2468 1797 2533 'Sed
1829 2469 1960 2562 decoque
2019 2458 2025 2474 ⁸

328 2560 456 2632 tiliter.
492 2563 598 2631 Tulies
623 2589 661 2632 erc
686 2564 751 2658 ipso
771 2567 935 2658 pulverem
962 2566 1036 2634 Lib.
1063 2567 1090 2633 1.
1191 2566 1286 2629 donec
1310 2559 1421 2630 beniat
1455 2558 1527 2649 ipsa
1553 2562 1671 2632 bucina
1704 2574 1751 2637 ad
1787 2564 1960 2642 dimidiam

328 2663 374 2730 Q·
399 2663 489 2728 tolles
508 2659 610 2748 jarim
636 2666 812 2736 mundum,
849 2661 897 2736 ό*
922 2666 1028 2728 mittes
1055 2662 1089 2729 in
1185 2677 1330 2746 partem,
1360 2660 1404 2722 0
1429 2659 1553 2749 reponis
1577 2671 1623 2731 nd
1646 2669 1777 2738 Solem.

326 2760 397 2832 aiio
421 2758 517 2826 urina
540 2755 723 2845 dispuncta
734 2786 752 2846 ,·
778 2760 822 2828 (θ’
847 2784 924 2830 teres
943 2759 1088 2838 diutius,
1240 2755 1389 2827 Pundius
1425 2760 1580 2850 purpurei
1612 2767 1738 2831 colorem
1774 2770 1959 2860 compositus

255 2875 257 2880 “
326 2863 421 2932 donec
460 2854 640 2928 turbuletur
680 2858 749 2953 ipsa
783 2859 905 2947 urina,
947 2863 991 2930 (9·
1024 2857 1092 2950 fist
1191 2882 1229 2926 esc
1267 2859 1323 2926 W.
1357 2855 1514 2948 speciebus
1555 2861 1728 2950 Luiecc'm,
1769 2869 1958 2959 Quirinus,

326 2960 469 3033 viridis.
496 2964 546 3032 Et
569 2956 636 3052 posi
660 2957 713 3030 hec
730 2987 768 3030 erc
791 2960 861 3056 ipsa
885 2957 1003 3034 hurino
1023 2984 1092 3032 sur·
1192 2954 1403 3026 cinnabarim
1419 3008 1434 3064 ‚¹
1469 2961 1569 3026 Lacca
1594 2956 1641 3035 (9⁹
1667 2962 1784 3057 quibus
1807 2973 1959 3060 puders-

328 3063 407 3138 buia
439 3060 575 3152 camiseis
601 3059 635 3131 in
663 3060 763 3156 ipsum
797 3065 1007 3153 mortarium,
1045 3061 1093 3143 &¹
1192 3060 1250 3127 bus
1276 3056 1378 3143 reita,
1405 3066 1452 3132 dt·
1478 3060 1632 3151 componis
1657 3062 1693 3132 in
1718 3067 1796 3154 vaso
1820 3072 1923 3144 vitreo
1935 3101 1960 3165 ,0

328 3165 463 3256 dessiccs
487 3167 582 3234 bene.
609 3167 657 3233 Et
683 3184 806 3258 repones
832 3165 866 3235 in
892 3165 970 3256 vrso
995 3167 1093 3238 nubo.
1127 3191 1161 3261 D
1193 3160 1237 3230 0'
1258 3158 1351 3256 ponis
1375 3160 1421 3228 ud
1439 3157 1561 3247 solem,
1595 3169 1689 3235 donec
1713 3165 1901 3250 desiccetur.

328 3270 378 3338 Et
401 3287 481 3361 pone
505 3266 550 3336 ud
577 3265 675 3358 solem
710 3265 795 3336 diem
821 3292 887 3339 unu
900 3290 915 3365 ;
952 3268 997 3337 Θ
1029 3266 1095 3363 posi

329 3365 499 3461 cooperies,
534 3364 581 3442 s&
606 3366 722 3438 iinies.
748 3371 797 3436 Et
819 3390 899 3459 pone
924 3369 959 3438 in
980 3369 1093 3458 sorna-

1452 3359 1505 3431 Dc
1527 3356 1702 3437 Metallo.

328 3490 361 3536 ce
386 3469 427 3538 de
444 3467 599 3538 Vitrierio
617 3467 766 3560 superius
783 3469 839 3544 die
864 3495 950 3542 unc.
984 3474 1035 3542 Et
1059 3499 1093 3542 r·

328 3566 396 3636 ries
420 3568 566 3653 churi.

589 3767 646 3843 Dc
672 3765 822 3844 Rufl'eo.

377 3972 528 4073 Russeum
552 3979 628 4045 curo
643 3980 684 4046 de
708 3971 813 4047 tribus
831 3973 992 4070 speciebus
1007 4001 1088 4048 conr·

323 4076 452 4173 ponitur
465 4099 482 4144 .·
506 4074 560 4143 bec
583 4077 725 4166 coquitur
753 4075 823 4158 fic.
861 4078 953 4147 Tolle
978 4079 1087 4153 lucca.

329 4183 424 4250 Teres
450 4175 595 4258 utiliter,
630 4173 677 4257 &⁴
712 4175 835 4267 conisce
868 4202 937 4247 cum
971 4181 1088 4253 hurino

329 4300 519 4375 expuncta,
545 4275 594 4358 &
619 4279 763 4375 decoquor
788 4282 863 4350 bene
888 4278 972 4348 lento
998 4281 1086 4374 igni.

327 4381 377 4450 Es
411 4382 483 4473 ipsa
515 4379 652 4453 ruilione
684 4380 788 4452 mittis
813 4391 850 4466 ÷
890 4383 917 4454 Ι.
943 4382 1087 4453 Luiecim

327 4482 395 4550 Sol.
415 4486 444 4553 I.
470 4481 518 4563 (ν
543 4482 624 4554 trita
650 4482 821 4556 hutilitet.
846 4483 989 4559 Demitur
1013 4483 1088 4572 resi·

327 4579 399 4648 dere
423 4585 468 4650 ad
492 4584 621 4656 Solem.

367 4829 370 4833 «
429 4771 517 4852 Alia
544 4782 753 4890 compgfirio
780 4787 988 4862 vermiculi.
1070 4813 1074 4821 ·

322 4962 326 4970 ’
376 4986 493 5061 Mittis
525 4980 755 5060 vermiculum.
792 4985 868 5062 Lib.
900 4987 927 5063 t.
954 4987 1088 5060 eocccrc'n

323 5089 399 5162 Lib.
425 5096 452 5166 L
481 5091 630 5165 Coccurin
657 5086 817 5179 nascitur,
836 5089 922 5179 licut
940 5092 1091 5188 superius

1246 3569 1299 3637 De
1324 3563 1464 3636 Meroide
1501 3566 1548 3637 od
1580 3593 1658 3638 curo
1681 3575 1835 3667 coquendo
1869 3576 1957 3650 indi-

1194 3691 1299 3737 camus
1323 3669 1441 3746 vobis,
1480 3672 1601 3738 comodo
1639 3672 1757 3743 coiicm
1784 3675 1865 3766 fieri
1886 3680 1960 3772 pos·

1190 3764 1236 3852 fit
1274 3772 1315 3839 de
1352 3769 1613 3862 pinguitudinem
1626 3799 1648 3858 ‚·
1687 3774 1731 3843 Θ·
1754 3777 1832 3847 dum
1856 3780 1959 3875 ipsum

1195 3867 1358 3939 metellum
1382 3867 1521 3937 inventu
1543 3870 1669 3958 suerit:
1700 3874 1798 3965 sacies
1822 3882 1957 3972 vasum,

1195 3971 1278 4066 quod
1301 3972 1341 4040 de
1366 3967 1466 4064 ipsum
1492 3973 1663 4043 metellum
1692 3980 1824 4074 recipere
1847 3983 1961 4058 debeat

1127 4106 1156 4176 E
1196 4072 1313 4142 Libros
1349 4077 1424 4143 XX.
1460 4075 1508 4142 Et
1537 4075 1646 4168 posieu
1684 4079 1775 4151 mitte
1799 4109 1866 4152 curn
1892 4085 1960 4176 ipse

1195 4171 1272 4263 vaso
1297 4181 1332 4244 in
1352 4173 1501 4263 sornam,
1542 4173 1591 4252 s&
1623 4178 1759 4272 sufflare
1782 4191 1827 4256 ud
1852 4185 1957 4281 ignem

1195 4275 1239 4346 ad
1263 4298 1319 4344 oro
1341 4273 1447 4367 prima
1472 4275 1566 4372 usque
1590 4285 1636 4352 ud
1660 4285 1736 4354 bore
1753 4284 1865 4373 sensu.
1895 4293 1957 4357 Po-

1187 4373 1258 4461 sien
1290 4400 1366 4444 verr
1400 4377 1632 4471 pinguitudine
1671 4385 1794 4454 metalli
1822 4385 1957 4459 mitten·

1192 4476 1271 4547 dum
1304 4475 1348 4564 esi
1390 4479 1539 4550 coralium
1576 4483 1650 4556 tiu
1681 4487 1724 4554 Ii.
1764 4494 1959 4563 Amometus

1190 4577 1365 4666 fundatum
1409 4606 1542 4655 caucum
1565 4635 1574 4656 .
1599 4634 1644 4657 ..
1695 4586 1831 4659 Libram
1869 4592 1963 4680 subit

1193 4679 1267 4751 Lib.
1301 4684 1347 4751 H.
1392 4706 1461 4752 cera
1504 4683 1581 4757 elbo
1635 4692 1680 4759 cd
1720 4686 1958 4787 sufficientem,

1193 4800 1346 4876 quantum
1371 4802 1446 4876 opus
1466 4784 1593 4874 suerit,
1639 4786 1770 4860 undium
1807 4795 1882 4865 Lib.
1914 4799 1961 4872 H.

1192 4902 1348 4956 tertarum
1392 4882 1469 4958 Lib.
1517 4894 1544 4959 1.
1592 4889 1712 4963 cottam
1755 4894 1795 4963 de
1842 4921 1963 4973 omnem

1188 4985 1386 5080 pigmentum
1421 5004 1479 5080 per
1509 4987 1712 5089 semetipsum
1737 4992 1882 5091 srnguiis
1908 5001 1958 5069 r'rr·

1763 5116 1905 5183 craten.
