4216 6014
311 314 397 419 607

579 302 1028 427 sustollit.
1074 303 1337 394 usuri
1376 305 1567 395 Atro

1745 313 1836 398 608

301 420 369 496 Per
404 448 445 497 ea
481 449 626 525 quoque
660 442 820 525 tempora
860 451 1024 501 commu·
1043 425 1092 509 ‚A
1125 425 1197 496 orl.
1216 425 1369 518 ordinis,
1406 445 1445 499 us
1468 428 1512 500 nl
1547 422 1690 499 errollus
1712 426 1896 499 aimarus.-

247 517 305 594 nis
333 548 409 622 per·
429 523 579 602 Italiam
621 526 683 602 ltic
706 531 797 603 alter
822 552 900 602 roos
925 525 1021 602 luit.

248 622 426 710 Scilicet,
473 625 498 700 fi
532 630 680 726 quando
719 626 918 728 proditores
958 654 1021 729 pa-

249 723 370 812 triae,
407 725 443 801 iu
470 730 491 804 i
517 729 579 805 irbi
605 728 848 815 consulentes,
883 730 1020 832 suppli·

248 825 317 901 ciis
345 825 414 905 lese
441 756 702 925 inducebant,
743 850 830 908 tunc
856 831 1019 909 animad-

252 931 456 1008 vertebatur
490 932 690 1032 ignnminil
730 932 770 1010 in
796 961 919 1010 eorum
952 961 1020 1009 nn-

251 1055 357 1125 mrn,
383 1031 539 1111 conliilo
563 1062 685 1117 corum
710 1035 856 1139 corpore
875 1037 920 1112 ad
939 1064 1017 1113 cru·

250 1156 326 1207 erm
355 1131 562 1236 insperso,-
589 1165 784 1241 eorumque
823 1139 943 1242 effigie
977 1136 1015 1216 in

249 1234 408 1336 publico.
432 1241 516 1314 loen
533 1239 711 1338 depibll,
746 1243 863 1342 qualis
889 1243 929 1319 in
956 1267 1020 1342 pa-

1125 527 1282 614 Postremo
1301 527 1477 626 [emuntur
1501 529 1681 618 Mulieres,
1713 553 1753 599 er
1775 528 1898 624 quiiur

1123 630 1360 728 propinquiores
1377 627 1523 721 desunllr
1540 659 1563 703 a
1578 629 1704 703 duobus
1719 630 1800 701 viris
1818 628 1895 700 irinc

1125 732 1203 803 inde
1224 733 1459 825 sustentantur.
1495 736 1562 803 Er·
1579 734 1629 804 irs
1650 733 1821 830 procedunt
1847 734 1894 801 ad

1123 833 1297 917 Ecclesiam
1328 860 1398 907 curn
1437 833 1653 906 luminaribus
1702 837 1746 904 Θ
1784 830 1899 924 [onitu

1122 956 1368 1028 campanarum.
1405 934 1500 1008 Loisi
1537 942 1615 1005 verb
1641 937 1798 1007 intrantes
1825 939 1897 1004 Ec·

1120 1035 1245 1121 clefiqm
1272 1041 1442 1128 recedunt,
1478 1037 1715 1109 rennuentibus
1739 1063 1806 1107 cum
1829 1033 1895 1127 fu·

1121 1163 1192 1209 rere
1216 1139 1252 1208 in
1278 1138 1439 1222 Ecclelia,
1467 1139 1512 1208 θ
1528 1137 1691 1235 usquead
1707 1139 1895 1232 sepulerum

1119 1241 1353 1335 procedentibus
1365 1241 1443 1331 [olis
1463 1240 1615 1322 clericis,
1640 1239 1893 1319 Sacerdotibus,

251 1334 369 1419 tilulo
394 1339 512 1442 reapse
537 1341 685 1432 luiffet,'
719 1344 854 1446 adjeiid
879 1344 1020 1450 epigra-
1051 1336 1083 1409 B
1124 1339 1173 1419 θ’
1197 1342 1416 1413 Mulieribtu.
1451 1347 1541 1412 Nunc
1570 1340 1699 1412 'oud'mu'
1721 1342 1764 1413 ab
1786 1339 1894 1433 huju·

250 1437 345 1539 phe,
372 1466 502 1518 nomen
526 1447 563 1521 tc
591 1443 933 1520 crimenlacinorosr
955 1444 1018 1518 ltn-

248 1538 359 1618 minis
386 1545 782 1647 prodente..Exempla
808 1546 913 1646 buius
937 1572 1021 1646 poe·

249 1668 337 1727 nae,
364 1672 474 1745 quam
500 1646 607 1721 iacile
633 1647 791 1743 improbi
818 1670 1020 1747 concoque-
1056 1722 1063 1765 ,

250 1745 360 1829 bant,
403 1768 540 1850 praeter
573 1750 661 1824 alias
687 1748 847 1827 Historia
874 1748 1019 1825 Flnr'ln-

252 1845 331 1921 tina
358 1847 578 1950 suppeditat.
619 1851 713 1926 Vide
747 1856 784 1928 bc
810 1851 1019 1929 Cbrnnicun

251 1953 455 2027 Romanurn
483 1952 638 2028 Antonii
669 1954 796 2048 reni,
814 1976 918 2030 alme
942 1954 1018 2029 edi·

249 2067 326 2126 tum
358 2054 529 2131 Pacu-ll.
558 2055 669 2132 Tomi
696 2055 765 2134 111.
806 2060 891 2132 llnr:
915 2056 1018 2133 ltali-

251 2179 321 2229 cat.
351 2154 411 2231 ubi
437 2178 619 2234 enarratur
655 2158 751 2233 idem
777 2156 1018 2234 bonor-labi·

251 2272 308 2331 tus
335 2255 486 2335 Slortiae
526 2261 727 2336 Attendulo
762 2261 892 2337 celebri
920 2260 1019 2334 mili·
1054 2258 1088 2335 C

250 2376 329 2433 tuns
367 2359 473 2455 duci,
513 2364 608 2463 qubd
635 2391 655 2437 a
684 2368 846 2438 Romano
883 2365 1020 2467 Populo

248 2458 448 2538 delecitl'et.
486 2465 650 2565 Ejusdem
678 2472 762 2542 vem
799 2477 1031 2577 poenae-pos

249 2561 386 2636 strenuis
411 2567 636 2664 temporibus
658 2576 862 2667 exemplum
897 2568 1029 2654 deden&
1060 2562 1065 2631 l

250 2659 514 2753 Bononienses,
555 2666 715 2760 piatis
744 2670 877 2763 pariete
902 2666 1027 2742 exteri·

250 2786 299 2834 no
335 2761 479 2861 publici.
518 2765 648 2839 Palatii
688 2768 807 2869 effigie
835 2767 1032 2865 Ugolini,

250 2863 312 2961 qui
341 2864 488 2940 incunte
514 2870 661 2942 Saeculo
686 2865 821 2945 Chrilli
852 2874 953 2944 ΠΙ.
977 2870 1020 2943 ad

251 2963 475 3042 Mutinenscs
516 2969 697 3044 transtulit
738 2978 865 3045 Artem
899 2968 1021 3048 aedifi-

250 3068 420 3245 porum,
459 3098 549 3171 quac
576 3074 704 3147 Filaroi
728 3079 773 3148 da
798 3083 875 3148 Sero
901 3077 1020 3176 appel·

269 3199 393 3247 amus.

303 3277 363 3350 Ad
409 3280 545 3353 funera
588 3277 685 3379 quod
726 3277 892 3370 attinet,
930 3277 1020 3354 olim

251 3402 395 3474 quoque
422 3378 551 3454 ritibus
577 3381 723 3470 nollris,
759 3382 827 3455 hnc
864 3382 932 3464 eli,
970 3380 1022 3459 le‘·

253 3477 406 3548 cundum
457 3504 571 3552 mores
623 3484 802 3554 Romanae
848 3481 1021 3556 Ecclefiae

248 3572 315 3647 illa
341 3575 619 3650 deducebantur.
661 3579 759 3669 Quid
787 3581 867 3655 heic
893 3579 1021 3656 habeat

249 3675 403 3750 Aulicus
430 3673 630 3748 Ticinensrs
657 3680 746 3773 Cap.
772 3703 827 3777 13.
851 3680 895 3753 de
920 3685 1019 3757 Lau·

248 3776 320 3852 dib.
349 3776 502 3877 Papiae,
529 3780 651 3856 Tamo
674 3782 737 3854 Xl.
760 3784 839 3856 Rer.
859 3779 1018 3860 Italicae.

246 3878 362 3954 audi:
421 3881 618 3969 Consuetudo
665 3882 762 3983 (lla.
802 3884 866 3961 ille
906 3888 1017 3969 Anno

247 3984 537 4082 MCCCtlxx.)
564 3987 704 4057 omniurn
730 3987 942 4064 Funerulism
962 4009 1017 4063 te·

1118 1439 1224 1532 Jorodr'
1246 1441 1482 1539 prooeffrsnilus
1509 1444 1660 1514 Feminae
1678 1440 1895 1515 interdiilas.

1123 1544 1225 1618 Haec
1251 1544 1336 1618 ille.
1371 1541 1580 1618 Occilorum
1608 1548 1692 1618 verb
1718 1544 1890 1618 cadavera

1106 1643 1399 1727 {alicubi-inlota
1418 1645 1589 1721 tumulari
1609 1646 1887 1719 consueverunt.

1121 1741 1504 1823 Cremonensem
1532 1746 1563 1846 ἶ(
1582 1746 1677 1847 quod
1718 1747 1754 1819 δι
1788 1771 1887 1820 nunc

1125 1843 1204 1931 fieri
1228 1847 1422 1946 uidemus)
1444 1872 1539 1920 ·mns
1565 1845 1635 1920 luit
1670 1851 1815 1937 lavare,
1850 1849 1893 1918 bt

1126 1947 1316 2051 unguentis
1355 1946 1544 2024 odoriferis
1583 1971 1796 2048 perungere.
1850 1946 1893 2018 ld

1125 2053 1185 2126 uel
1217 2050 1268 2126 'ab
1306 2048 1389 2152 iplis
1433 2050 1578 2126 Graecis
1626 2046 1890 2148 antiquioribus

1125 2150 1352 2256 usurpatam,
1387 2155 1549 2228 Homero
1575 2151 1684 2235 telle,
1722 2150 1777 2224 uti
1804 2145 1844 2226 bt
1870 2174 1891 2224 a

1122 2254 1284 2346 Judaeis,
1311 2251 1418 2355 atque
1445 2253 1637 2329 Romanis.
1651 2250 1729 2327 ¹Sed
1756 2250 1891 2355 praeci·

1113 2384 1191 2453 pue
1216 2357 1453 2465 Magnarum,
1480 2382 1520 2431 ac
1546 2353 1774 2451 Martyrum,
1800 2352 1891 2429 alio·

1114 2476 1279 2560 {rumque-
1313 2459 1499 2534 ianllitate
1541 2456 1747 2535 florentium
1773 2454 1892 2530 ltnmi·

1126 2570 1211 2637 num
1228 2561 1412 2637 'cadavera
1433 2586 1516 2638 curn
1542 2552 1754 2662 unguentis,
1778 2554 1893 2634 balia-

1126 2690 1186 2738 mn
1210 2665 1246 2737 ἃ
1273 2660 1491 2740 aromatibus
1518 2663 1719 2762 antiquitus
1746 2658 1891 2763 sepelie-

1125 2767 1281 2868 bantur3
1331 2763 1426 2866 quod
1470 2766 1579 2866 probe
1605 2763 1890 2839 animadverten-

1123 2868 1228 2943 durn.
1268 2870 1390 2943 Secula
1434 2866 1531 2942 enim
1568 2865 1697 2958 rudia,
1750 2863 1890 2967 quoties

1125 2970 1307 3068 retegendi
1350 2986 1450 3045 erant
1490 2968 1697 3043 Sanllorum
1739 2969 1891 3050 tumuli,

1127 3071 1288 3168 sacraque
1307 3096 1429 3146 eorum
1449 3070 1521 3146 olla
1540 3069 1797 3151 transferenda,
1816 3066 1888 3145 mi-

1057 3177 1091 3248 1>
1125 3171 1236 3248 raculi
1281 3174 1364 3263 loco
1405 3171 1588 3248 interdum
1628 3198 1706 3253 acce
1748 3199 1787 3261 re
1812 3197 1889 3245 ma·

1126 3294 1270 3348 nantem
1296 3299 1318 3349 e
1342 3270 1512 3374 sepulcris
1539 3277 1575 3349 bc
1599 3301 1644 3350 ex
1661 3272 1699 3375 ip
1724 3270 1888 3375 'spignn-

1126 3377 1224 3455 ribus
1250 3374 1390 3453 suavem
1417 3376 1585 3461 odorem,
1619 3400 1731 3476 quum
1769 3393 1891 3451 tamen

1127 3478 1354 3554 tribuendum
1381 3476 1419 3553 id
1444 3476 1537 3569 locet
1564 3478 1689 3580 primis
1706 3497 1769 3555 aut
1791 3505 1891 3580 prae-

1126 3580 1330 3654 cedentibus
1375 3604 1560 3680 corpnrum
1610 3578 1853 3656 conditoribus
1877 3629 1892 3653 .-

1125 3680 1229 3754 otim
1267 3681 1411 3780 quoque
1441 3681 1754 3782 preculis'oellibus
1787 3679 1886 3754 diri-

1125 3802 1202 3855 tum
1238 3782 1484 3887 deiunilorum
1522 3811 1667 3885 corpora
1695 3781 1889 3858 vestieban-

1125 3903 1206 3973 tur:
1248 3911 1354 3981 quem
1398 3887 1518 3971 luxum
1561 3885 1600 3958 in
1640 3884 1762 3960 sunere
1808 3910 1885 3958 nnn

1124 4012 1214 4060 unus
1242 3987 1454 4064 Sanilorunt·
1471 3988 1614 4063 Panum
1640 3984 1890 4086 improbavit.

247 4085 290 4157 lis
316 4084 381 4170 cll.
409 4085 500 4178 Quia
526 4085 710 4182 quicumque
735 4093 914 4177 unietur,
932 4112 1017 4195 'prn-
1059 4086 1090 4169 E
1125 4087 1316 4192 Episcopi,
1363 4088 1591 4174 Sacerdotes,
1642 4086 1682 4165 δι
1731 4089 1889 4188 reliquus

239 4188 450 4284 sardeorum
477 4185 654 4261 conditione
689 4188 745 4278 lui
775 4191 907 4284 linem,
949 4193 1018 4286 poli

245 4296 380 4376 Cruces,
416 4300 551 4390 quorurrl
584 4288 760 4387 aliquando
800 4295 921 4363 multas
942 4318 1016 4389 por-

245 4412 341 4486 tanc,
374 4396 559 4493 sequuturr'
580 4390 681 4466 'Laui
700 4390 929 4479 'liius-Atella.
952 4394 1034 4490 'per'
1074 4393 1082 4455 '.

242 4512 423 4580 praeconem
454 4498 548 4590 saepe
581 4495 716 4570 vocari:
750 4495 866 4567 deinde
899 4497 1017 4567 Clerici
1051 4536 1057 4545 ·

246 4587 294 4667 &¹
338 4601 547 4678 Sacerdotes,
597 4625 674 4695 quos
725 4620 830 4695 tamen
851 4590 1017 4694 'Religioli

243 4697 455 4793 praecedunt,
475 4699 510 4779 fi
534 4700 650 4788 adsunt
676 4684 943 4784 nocalis'PvM
963 4699 1030 4792 l‘

247 4794 354 4897 quitur
395 4793 489 4878 sunus
517 4799 552 4865 in
586 4798 667 4867 lesio
704 4829 773 4871 cum
804 4800 1023 4892 culcitras&

244 4894 489 4973 linteaminibus
516 4897 559 4963 u
585 4898 758 4988 opertorio,
789 4903 851 4990 sub
876 4929 936 4998 qno
959 4927 1017 5002 po-
1071 4967 1079 4977 ,

239 5001 341 5090 stum
385 4996 429 5092 cll
477 4996 625 5074 indutum
662 4996 803 5087 vellibat
836 4982 892 5098 lui
908 5005 1024 5097 status·

1074 4254 1077 4259 .
1126 4188 1277 4275 Cletnm
1323 4192 1376 4268 sui
1420 4192 1566 4269 Ordinis
1610 4190 1816 4283 indumenta
1841 4190 1888 4264 ad

1125 4292 1321 4391 sepulcrum
1341 4293 1563 4369 deferebant:
1577 4292 1649 4397 aqui
1667 4293 1753 4395 r'itus
1772 4290 1885 4368 adbuc

1126 4392 1309 4492 perdurat.
1328 4397 1401 4470 &sed
1428 4394 1468 4472 δι
1496 4390 1887 4496 priscis'stemporlbus,

1127 4493 1304 4593 postquam
1341 4526 1429 4599 rogo
1464 4501 1500 4574 δι
1544 4497 1671 4574 ullrinl
1712 4494 1889 4589 sublatis,

1055 4682 1092 4689 ,Ι
1126 4597 1271 4673 humare
1307 4598 1445 4700 integra
1482 4629 1629 4699 corpora
1656 4594 1920 4701 unusquisque-{rs

1125 4700 1243 4796 coepit
1270 4700 1398 4798 (quod
1424 4701 1561 4780 Chrilli
1580 4700 1764 4779 senatores
1789 4700 1897 4800 prae-¹

1116 4800 1248 4890 lertim
1265 4808 1468 4906 curarunt)
1495 4822 1632 4893 praeter
1653 4799 1806 4908 pretiosa
1828 4829 1891 4880 re·

1116 4902 1282 4983 llintenta
1295 4959 1314 4998 ,
1326 4908 1425 4992 anuli
1446 4905 1584 4999 etiam,
1601 4907 1784 4990 armillae,
1801 4905 1890 4982 alia·

1117 5018 1193 5106 ‘que
1217 5032 1262 5084 ex
1284 5019 1375 5085 'auro
1409 5028 1471 5085 aut
1496 5030 1648 5113 argento
1681 5026 1885 5117 ornan-ente
1924 5036 1928 5041 ·

1094 5114 1123 5147 .„
1179 5110 1189 5155 .·
1320 5112 1326 5135 .,
1396 5122 1400 5129 ,
1512 5118 1515 5123 .
1617 5134 1675 5147 ,-

1681 5132 1840 5191 ---corn
