4216 6014
290 318 378 452 58,
592 339 963 428 nrssnurarto
994 341 1503 430 urcssruarcurre.
1732 368 1817 453 „0

224 475 308 647 puae
346 485 407 528 non
439 456 565 555 poffunt
603 461 753 530 evitari:
787 483 866 533 certe
901 463 997 557 pauci
1034 465 1066 536 A
1099 459 1196 553 super
1234 483 1318 531 crate
1358 483 1527 556 mergunt.
1568 457 1663 541 Ait,
1703 472 1873 554 mergunt,

243 579 328 649 unt,
364 560 421 656 qui
446 563 568 632 talibus
601 560 743 651 erepensts
774 563 890 656 poffint
915 590 995 634 sorn-

226 680 340 751 pouere
353 688 374 748 ‚·
400 658 447 743 &t
474 663 544 735 ideo
569 663 665 732 multi
693 666 796 755 lunt,
832 689 908 760 quos
932 665 998 739 tali

229 765 271 834 de
303 758 408 857 cauffo
441 783 561 860 oportet
597 763 733 854 deleme
768 765 912 857 patriam
945 792 995 837 eo·

229 887 322 941 rum.
359 860 408 942 &
443 864 490 936 ire
522 871 569 937 ad
596 864 818 962 stipendium,
853 870 909 938 vel
939 891 998 960 pro

226 965 389 1057 famulis,
424 967 481 1037 vel
512 988 571 1057 pro
604 967 850 1050 mercatoribus,
887 965 935 1046 ψ
962 970 997 1039 in

1105 588 1177 634 non
1206 566 1288 634 vero
1309 560 1480 635 suffocant
1489 559 1505 644 ’,
1532 559 1670 635 scilicet
1689 559 1732 634 ad
1754 582 1875 632 emen·

1105 661 1309 742 dationem,
1349 688 1421 735 non
1449 661 1492 735 ad
1529 679 1704 737 mortem.
1744 657 1874 734 Sed&

1106 760 1295 838 Suetonius
1321 762 1360 838 in
1381 762 1475 862 Cajo
1493 762 1662 864 Caligula
1681 766 1771 863 Cap.
1794 763 1874 834 XX.

1106 863 1339 964 Lugdunense
1359 883 1537 940 certamen
1556 861 1778 952 describens,
1797 860 1872 937 ait:

1107 972 1172 1039 Eos
1197 989 1329 1057 autem,
1369 969 1427 1065 qui
1463 965 1599 1040 martimo
1622 959 1874 1058 displicuisset,

230 1064 334 1155 usuris
369 1068 439 1139 &a
475 1074 548 1140 Non
584 1074 691 1140 credat
725 1071 874 1167 aliquis,
914 1075 998 1167 quod
1062 1111 1064 1115 >
1100 1068 1222 1166 scripta
1242 1071 1305 1160 sua
1335 1069 1472 1167 spongiei
1497 1069 1654 1167 linguive
1678 1067 1781 1138 delere
1804 1063 1876 1157 iu]-

226 1166 267 1236 in
301 1167 503 1262 supradieffis
542 1170 762 1241 contineantur
799 1171 996 1261 mechanici,

224 1266 310 1359 sed,
342 1269 446 1358 solium
472 1268 607 1341 Nobiles
633 1269 679 1349 (φ
707 1277 926 1352 Mercatorec,
954 1274 998 1343 Θ
1027 1287 1028 1290 ’

1101 1174 1180 1262 jos,
1206 1169 1270 1256 nifi
1289 1171 1406 1261 ferulis
1432 1169 1620 1264 objurgari,
1645 1188 1704 1243 aut
1723 1167 1876 1240 Flumine

1105 1273 1246 1366 proximo
1264 1273 1377 1368 Mergi
1401 1268 1601 1368 maluiffent.
1627 1270 1731 1343 Adeo
1751 1293 1876 1343 verum

230 1367 295 1441 alii
320 1366 395 1442 boni
421 1367 469 1450 (a
495 1372 624 1467 antiqui
658 1373 758 1442 Cives
792 1373 998 1456 Placentiae,
1039 1388 1068 1460 B
1108 1372 1198 1445 illud
1226 1371 1295 1464 est,
1322 1352 1412 1443 nibil
1426 1375 1489 1465 sub
1512 1375 1587 1446 Sole
1613 1398 1749 1444 novum.
1792 1373 1876 1444 Hoc

231 1467 289 1565 qui
315 1496 376 1542 nou
398 1470 526 1559 faciunt
551 1471 695 1570 aliquam
719 1492 841 1548 artem.
867 1475 940 1571 ‚Qui
964 1503 998 1547 e·

232 1570 315 1641 tiam
340 1571 513 1644 mechanici
532 1572 662 1670 faciunt
681 1576 858 1666 sumtuosas
883 1599 998 1674 erepen-

226 1671 284 1766 sas
306 1673 477 1772 plusquam
504 1674 612 1768 solet,
648 1675 696 1757 (φ’
722 1677 856 1748 maxima
883 1677 917 1749 in
944 1678 996 1748 in·

231 1774 394 1846 dumentis
426 1777 508 1849 circa
541 1802 591 1849 eos
625 1775 673 1857 &⁵
707 1804 841 1850 uxores.
876 1786 998 1851 Tamen

234 1899 288 1947 ors
307 1873 430 1971 semper
454 1873 503 1954 (φ
528 1902 715 1974 quocumque
739 1899 873 1975 tempore
900 1879 997 1972 sulli-

236 1995 291 2047 net
315 2001 445 2067 omnes,
481 1977 540 2075 qui
562 1979 679 2051 volunt
703 2006 771 2052 cum
806 1982 918 2052 bonore
942 1981 999 2051 vi-

235 2100 334 2148 vere.
370 2080 435 2150 aa
464 2079 612 2171 praesens
643 2103 755 2178 genter
789 2109 851 2153 non
882 2079 1001 2178 poffent

234 2177 347 2250 vivere
385 2205 437 2250 rne
461 2179 563 2270 vino,
582 2178 631 2266 sic
648 2182 729 2273 sunt
750 2209 854 2255 omnes
879 2183 928 2271 usi
949 2181 1000 2255 bi-

235 2280 472 2354 bertuinum.

287 2377 422 2456 Confer
468 2408 561 2458 nunc
604 2381 720 2461 Seculi
764 2387 863 2460 XIV.
912 2385 1003 2463 ritus

235 2484 272 2555 δι
312 2482 438 2557 luxum
477 2510 558 2558 cum
596 2486 713 2561 Seculi
749 2487 856 2562 nostri
892 2490 1003 2564 mori·

236 2582 322 2659 bus:
360 2603 438 2684 turn
465 2588 733 2687 computatione
770 2586 861 2663 fatet
885 2589 1003 2665 decer·

236 2709 309 2773 ne,
344 2683 431 2786 quid
467 2685 566 2787 supra
611 2691 839 2788 antiquorum
891 2716 1004 2768 mores

236 2801 399 2888 tempora
434 2787 546 2863 nostra
582 2789 814 2890 profecerint.
852 2791 1006 2868 Pistori·

239 2888 303 2963 bus
329 2907 447 2964 autem
476 2908 635 2965 ueterum
663 2891 797 2968 rituum
838 2891 1006 2969 haldenus

240 3015 260 3064 a
287 3016 344 3065 me
371 2989 551 3090 produdiis
578 2993 782 3092 adjundium
815 2996 902 3068 volo
927 2998 1006 3069 Au-

240 3090 351 3166 licum
378 3091 635 3177 Tieinenscm,
662 3095 760 3195 cujus
786 3093 1005 3195 Opusculum

240 3192 321 3268 dedi
342 3197 463 3268 Tomo
484 3199 547 3269 xl.
571 3200 650 3270 Rer.
669 3197 896 3271 Italicarum.
915 3197 1008 3273 Scri·

1109 1499 1240 1572 poenae
1279 1499 1387 1572 genus
1426 1473 1569 1548 Gallica
1612 1471 1757 1592 Lingua
1795 1472 1876 1543 Cale

1108 1575 1330 1750 {diffidit
1369 1570 1877 1750 ledultcssdbztiffi

1107 1777 1200 1849 Colla
1227 1803 1291 1878 pro
1317 1774 1412 1851 funis
1438 1792 1641 1858 tormento,
1667 1799 1741 1874 quo
1760 1774 1812 1848 rei
1831 1773 1874 1847 ad

1108 1876 1250 1954 brachia
1274 1879 1309 1952 ἃ
1336 1878 1381 1952 ad
1405 1876 1571 1954 humeros
1596 1874 1871 1955 excruciantur:

1105 1978 1141 2051 δι
1167 1978 1251 2055 iude
1278 1979 1425 2055 verbum
1450 1981 1601 2063 collare,
1628 2005 1692 2078 pro
1712 1977 1792 2070 fune
1810 1999 1894 2049 ror-.

1106 2104 1221 2175 quere.
1256 2079 1481 2158 Monofinius
1519 2109 1541 2157 a
1574 2086 1712 2157 Graeco
1742 2089 1879 2169 κολάζιιν.

1106 2178 1324 2281 significante
1342 2190 1518 2282 Torquate,
1544 2181 1634 2258 hauc
1654 2208 1781 2258 rocem
1800 2202 1874 2257 tra·

1040 2293 1074 2366 G
1107 2283 1183 2357 xit.
1209 2281 1400 2385 Menagius
1425 2286 1520 2358 Colla
1545 2311 1610 2386 pro
1635 2287 1730 2358 fune
1755 2313 1774 2360 a
1797 2286 1875 2357 Col-

1107 2389 1174 2456 lum
1197 2384 1369 2470 deduxit,
1394 2390 1448 2459 chr
1471 2387 1533 2460 val
1554 2385 1788 2485 propriamente
1806 2386 1875 2459 lac-

1106 2487 1179 2580 cio,
1219 2489 1273 2560 ebe
1303 2486 1337 2574 st
1370 2509 1465 2563 mette
1497 2490 1535 2561 al
1572 2489 1688 2561 Collo.
1725 2491 1876 2587 Laqueo

1107 2585 1252 2686 quidem
1279 2587 1488 2691 franguntur
1512 2591 1620 2664 Colla
1646 2614 1812 2690 reorum3
1840 2601 1878 2662 at

1108 2689 1147 2762 in
1174 2709 1355 2765 tormento
1381 2690 1492 2767 Funis
1518 2692 1618 2765 nulla
1659 2687 1774 2765 Collo
1800 2715 1880 2764 mo·

1109 2789 1204 2866 lestia
1230 2789 1406 2890 infertur;
1446 2819 1487 2866 ac
1530 2790 1678 2889 proinde
1703 2817 1776 2865 non
1802 2815 1880 2864 am·

1110 2889 1293 2990 pledieuda
1319 2890 1492 2990 ejusmodi
1519 2891 1773 2992 Etymologia.
1810 2891 1879 2965 vi-

1109 2989 1286 3073 dendum,
1313 3018 1358 3066 an
1385 3017 1456 3067 nox
1484 2994 1579 3063 Collo
1603 2993 1783 3082 accolere,
1810 2989 1880 3067 hoc

1111 3090 1157 3165 est
1207 3095 1410 3174 Demittere,
1459 3089 1629 3167 emerfisse
1682 3090 1882 3191 potuerit.

1112 3190 1258 3294 Quippe
1297 3193 1407 3269 Tusci
1450 3220 1514 3292 pro
1553 3195 1669 3265 Calore
1698 3191 1881 3266 interdum

243 3294 349 3368 bebat
394 3294 458 3366 ille
499 3294 643 3370 circiter
683 3303 830 3371 Annum
877 3297 1009 3373 christi
1046 3315 1081 3386 D
1113 3293 1348 3373 adhibuerunt
1386 3296 1531 3368 Collore.
1580 3294 1793 3369 Boccaoeius
1839 3292 1881 3369 io

243 3395 506 3468 Mcccxxx.
534 3393 735 3495 multosque
759 3394 899 3473 suorum
919 3415 1010 3474 tem·

243 3519 370 3596 porum
411 3520 526 3570 mores
567 3494 683 3571 literis
709 3496 929 3599 configuravit
944 3550 956 3583 ,
990 3508 1010 3577 e

243 3596 373 3696 quibus
400 3595 494 3672 hunc
515 3624 622 3672 unum
645 3602 734 3700 Cap.
761 3623 817 3693 14.
840 3599 1008 3702 scriptum

243 3699 412 3799 decerpo.
448 3704 488 3771 In
514 3700 691 3791 crepidine,
727 3700 871 3801 inquit,
903 3705 1011 3802 pontis

244 3801 363 3874 veteris
386 3801 564 3896 aliquando
581 3801 685 3875 erebia
704 3805 747 3890 cll
766 3804 913 3886 Portica,
932 3833 1012 3904 quae

204 3952 209 3964 .
243 3903 341 3993 potell
367 3901 517 3974 inclinari
540 3902 705 3996 deorsum,
746 3904 780 3977 in
808 3904 898 4007 majus
923 3935 1011 3982 cacto·

247 4004 333 4074 mine
365 4005 504 4099 ligatum
543 4005 587 4090 cll
624 4030 687 4077 vas
727 4006 904 4078 vimineum
943 4037 1010 4081 ma·

243 4129 370 4201 gnum.
405 4109 453 4174 Et
481 4101 515 4188 st
548 4103 619 4199 quis
654 4105 820 4175 Ribaldur
844 4129 1014 4205 compertus

1118 3395 1285 3472 Fabulis:
1327 3397 1552 3471 Dilibererono
1585 3398 1623 3467 di
1657 3396 1777 3494 legarlo
1811 3395 1882 3469 alla

1112 3497 1216 3588 fune,
1252 3525 1271 3568 e
1303 3498 1342 3571 di
1380 3497 1521 3570 Collarlo
1555 3498 1608 3568 nel
1649 3518 1772 3592 pezza.
1813 3493 1883 3571 Uti
1946 3510 1951 3519 '

1116 3599 1297 3674 Gallicum
1324 3601 1405 3671 Cale
1430 3596 1631 3695 usurpatum
1669 3599 1812 3673 uidetur
1836 3597 1883 3673 ab

1117 3698 1246 3776 Italico
1272 3702 1388 3774 Calore
1413 3727 1478 3794 pro
1505 3701 1697 3774 Demittere:
1736 3698 1788 3775 ita
1825 3696 1884 3773 vi·

1117 3800 1193 3876 deri
1233 3799 1338 3904 polsrt
1372 3820 1514 3875 enatum
1556 3802 1651 3873 Colla
1689 3800 1884 3883 aCollart,
2037 3892 2039 3896 μ

1119 3901 1213 3977 idem
1241 3899 1459 4001 significante
1484 3920 1591 4001 arque
1630 3906 1765 3976 Celare.
1810 3905 1885 3976 Ne'·

1119 4029 1189 4103 que
1214 4001 1331 4100 dispar
1356 4001 1499 4078 ridetur
1523 4003 1578 4078 ori
1604 4029 1628 4078 o
1652 4003 1753 4079 verbi
1779 4001 1885 4080 Itali·-

1121 4104 1154 4178 ci
1200 4102 1408 4186 Tracollore,
1452 4105 1552 4207 cujus
1581 4030 1798 4207 ignificaeio
1840 4104 1885 4179 ed

241 4205 365 4296 suerit,
392 4211 495 4278 Deum
520 4224 579 4276 aut
596 4210 733 4276 Beatam
760 4207 923 4305 Virginem
941 4210 1010 4283 lla·
1052 4223 1079 4293 E
1118 4209 1291 4299 Corruere,
1323 4207 1475 4282 Collabi.
1511 4207 1555 4282 In
1590 4233 1629 4280 re
1652 4225 1771 4280 tamen
1799 4203 1885 4279 adeo

242 4309 440 4404 premare,
476 4305 592 4395 statim
639 4305 715 4398 vase
758 4306 817 4379 illo
855 4308 1015 4407 impolitus

243 4408 459 4506 submergitur
484 4411 519 4482 in
546 4407 717 4501 Ticinum,
750 4406 801 4488 &¹
836 4412 1015 4485 exnebe‘rur

250 4511 476 4602 madesablus.
522 4509 676 4585 Fortasse
725 4534 797 4585 non
847 4511 1015 4589 abfimilis

250 4637 361 4710 poena
397 4613 488 4711 apud
525 4609 785 4711 antiquiffimos
818 4615 1015 4690 Germanos

249 4711 287 4787 in
315 4714 376 4788 ulu
403 4715 498 4789 fuit.
528 4716 582 4786 De
608 4713 654 4789 iis
680 4715 779 4791 enim
806 4716 957 4792 Tacitus
976 4717 1015 4792 in

248 4816 364 4895 Libro
404 4815 448 4890 de
489 4813 655 4888 Moribus
691 4821 899 4895 Germanae.
926 4823 1014 4918 Cap.

250 4942 312 4998 ἠ.
337 4916 410 5000 eit:
440 4923 603 5015 ignavos,
629 4917 675 4987 θ
698 4916 859 5002 imbelles,
885 4918 934 5001 (φ’
950 4947 1014 4994 cor·

243 5043 318 5118 pere
354 5019 510 5114 infamet,
525 5061 531 5071 ·
549 5039 645 5089 torno·
672 5044 710 5091 ac
743 5019 866 5115 paluclt
900 5022 1017 5116 injeblo

1120 4304 1267 4383 abstrusa
1291 4330 1360 4404 ego
1385 4307 1479 4382 nihil
1500 4306 1669 4383 decerno.
1698 4303 1817 4379 Redeo
1840 4303 1885 4380 ad

1122 4407 1291 4484 Aulicum
1318 4405 1566 4485 Ticinensem.
1595 4412 1697 4502 Quae
1723 4405 1755 4480 is
1767 4405 1886 4507 'napa

1120 4536 1184 4585 nos
1209 4509 1333 4585 docuit
1359 4510 1402 4585 de
1427 4534 1540 4607 poena
1563 4506 1886 4604 blasphemantium

1122 4616 1264 4698 Deum,
1281 4610 1363 4686 aliis
1381 4636 1522 4710 quoque
1542 4609 1770 4688 Civitatibus
1787 4639 1888 4689 com·

1121 4715 1242 4789 munia
1278 4709 1399 4805 luere,
1443 4713 1528 4787 dum
1568 4711 1612 4789 ad
1652 4713 1740 4790 litus
1780 4715 1888 4792 maris

1122 4813 1204 4891 litae
1239 4815 1373 4897 essent,
1414 4833 1476 4890 aut
1512 4814 1602 4914 ipsas
1637 4818 1785 4892 allueret
1811 4840 1888 4890 rna·

1147 4916 1293 4993 nifieum
1314 4916 1459 5017 aliquod
1480 4915 1635 5001 flumen,
1660 4918 1790 5014 inquo
1812 4914 1886 5013 spe·

1123 4942 1302 5096 iaculum
1335 5018 1510 5120 ejusmodi
1542 5021 1709 5125 praebere
1731 5017 1883 5094 liceret.

1788 5112 1835 5196 ld
