4216 6014
408 344 492 432 ςςι
705 308 1637 434 nurroomurnrrnaur
1840 350 1919 436 ³52

349 427 590 507 adservatos.''
614 433 671 504 De
697 428 856 530 antiquo·
873 434 971 508 cursu
998 433 1111 508 Sielae
1147 429 1181 501 A
1220 431 1581 529 talogozChartarum
1622 435 1867 523 Nonsntulani
1894 441 1983 512 Mo-

349 531 435 606 haec
473 537 537 606 ille
581 530 707 607 habet:
756 540 843 606 lneer
877 535 1028 608 lrbrriam
1068 537 1112 605 θ

346 639 505 729 Campum
531 636 720 706 Gallianum
760 635 880 724 cursum
909 640 1002 728 suum
1028 637 1110 706 cliri-

342 761 444 830 grns‚
472 737 525 816 &a
546 737 742 808 Novolariae
761 733 886 826 finibus
910 740 1111 832 praeteritis,

345 837 392 906 Θ
416 838 532 908 medior
558 838 671 908 iterum
693 843 841 909 Buranae
860 836 907 918 &⁹
928 845 1111 911 GAVEL-

345 942 399 1012 Ll
421 957 543 1027 campos
565 961 766 1035 percurrens,
802 943 915 1011 crebris
941 944 1110 1012 revolutio-

347 1039 472 1119 nibus,
514 1036 559 1118 ts
599 1040 787 1134 pertranseo
825 1043 936 1112 iterum
963 1051 1112 1114 Buranae

347 1137 395 1216 θ’
422 1141 570 1211 Bondeni
589 1142 678 1234 solo,
705 1143 749 1211 θ
773 1146 896 1215 Canale
922 1146 1040 1240 sperni,
1077 1145 1111 1213 in

346 1242 474 1314 Padum
503 1242 652 1313 Larionis
675 1264 802 1339 propter
841 1245 977 1315 sanllae
1003 1246 1112 1314 Crucis

1220 532 1383 623 milesii,
1410 561 1514 630 quem
1537 533 1706 633 profetam
1728 534 1818 609 inira
1839 539 1876 612 in
1897 537 1984 615 Dis·

1221 636 1408 710 t'ertatione
1434 640 1654 710 va11.a2
1679 636 1792 708 Molis
1815 642 1982 732 aquirend.

1220 737 1416 811 recensetur
1433 738 1651 834 Privilegium
1670 737 1894 831 clemeneiffimi
1908 750 1986 814 Ka-

1220 841 1280 909 roli
1307 840 1523 936 imperatoris,
1551 839 1635 912 idest
1659 837 1817 939 Magni,
1845 841 1879 909 in
1904 848 1985 914 An-

1216 941 1311 1029 selmo
1336 945 1468 1015 Ablata
1493 938 1680 1030 confirmans
1719 949 1890 1036 quamdam
1909 942 1984 1033 sen-

1221 1048 1376 1134 tentiam,
1402 1070 1482 1140 quae
1507 1043 1578 1115 laen
1602 1042 1666 1127 snit
1685 1042 1889 1133 interipsum
1906 1045 1984 1116 Ab·

1222 1147 1344 1226 dotem,
1381 1141 1433 1223 &
1460 1146 1543 1215 inter
1569 1144 1780 1239 Roynoldum
1805 1142 1985 1230 Colloldt'o-

1224 1269 1291 1311 nem
1318 1244 1481 1315 Civitatis
1507 1250 1642 1325 Novae,
1671 1246 1715 1314 Θ
1739 1246 1896 1335 Populum
1914 1242 1987 1339 eju·

345 1341 446 1412 loeum
472 1341 519 1422 dy
548 1346 675 1427 Valles,
705 1345 771 1437 sese
795 1348 1015 1439 demergebar,
1050 1363 1112 1434 po·
1152 1348 1179 1416 B
1219 1342 1510 1433 formiselensis,
1537 1342 1767 1436 &Populum
1800 1344 1987 1419 sorborien·

347 1444 440 1514 ludes
471 1444 556 1516 illas
595 1470 699 1516 omnes
753 1450 904 1540 replens.
948 1439 1114 1515 Perdurat

347 1543 461 1618 adhuc
488 1543 527 1616 in
555 1544 779 1619 Mirandulae
808 1548 947 1617 Ducatu
974 1543 1112 1632 Vicus,

349 1647 409 1721 cui
437 1670 566 1717 nomen
593 1645 776 1716 Gavellus.
812 1648 931 1740 Quare
971 1663 1031 1745 aut
1070 1647 1112 1716 ab

349 1772 393 1819 eo
438 1741 569 1817 fluvius
615 1745 768 1818 Gabellus
810 1748 1113 1838 nomenclaturam

306 1921 310 1925 ,
347 1842 538 1944 accepisse,
564 1861 626 1920 out
644 1845 676 1920 ei
698 1846 825 1923 dedisse
841 1846 1003 1922 ridetur.
1027 1852 1114 1920 For-

348 1944 445 2020 taffis
472 1945 581 2020 etiam
609 1947 789 2048 geminum
817 1975 946 2025 nomen
972 1946 1114 2022 flumini

347 2045 410 2121 illi
437 2044 528 2122 suit:
571 2046 639 2123 ltoc
678 2049 725 2125 est
764 2051 884 2126 siclam
922 2051 1115 2149 superiores

349 2146 512 2240 incolae,
532 2149 703 2223 Gabellum
721 2150 927 2242 inferiores,
947 2150 1001 2225 uti
1022 2176 1115 2224 nunc

1219 1440 1312 1531 sem,
1349 1446 1562 1527 moerorum,-
1609 1447 1653 1516 (θ’
1677 1445 1902 1542 Colegariam,
1946 1447 1990 1532 tle

1223 1543 1334 1634 insula
1359 1544 1407 1622 &⁹
1432 1548 1555 1625 Silva,
1591 1573 1671 1637 quae
1694 1541 1750 1638 effe
1773 1547 1908 1618 viderur
1933 1547 1991 1617 in·

1222 1662 1269 1713 ter
1307 1646 1449 1715 Panario
1489 1641 1537 1721 ὠ
1582 1643 1702 1736 Foffa‚
1744 1669 1823 1741 quae
1865 1646 1991 1717 dicitur

1222 1746 1375 1816 Munda.
1412 1741 1483 1818 Uti
1518 1742 1557 1818 in
1596 1744 1847 1819 Dissertatione
1876 1750 1921 1817 X.
1947 1749 1993 1816 de

1224 1842 1382 1916 Minorib.
1422 1843 1568 1936 justiciae
1620 1844 1784 1929 Minillrir
1829 1841 1990 1939 ostendi,

1223 1942 1458 2028 Gellaldiorum
1485 1941 1553 2015 live
1580 1944 1821 2028 Gaflaldionum
1841 1943 1986 2020 nomine

1224 2041 1402 2117 interdum
1429 2041 1495 2115 defi
1524 2041 1600 2117 nati
1627 2041 1733 2134 sunt,
1760 2043 1824 2142 qui
1843 2044 1982 2119 'Comitio
2046 2058 2048 2062 ’

1225 2171 1368 2219 munere
1394 2068 1652 2243 fungebantur,
1688 2171 1726 2218 ae
1762 2143 1983 2222 Civitatibus

350 2248 544 2351 (repetere
572 2251 713 2351 liceat)
740 2253 890 2327 alterum
928 2252 1116 2327 Mutinen-
1151 2250 1184 2324 C
1225 2265 1285 2320 aut
1311 2243 1464 2344 Oppidis
1491 2247 1636 2321 nomine
1659 2240 1764 2346 Regis
1783 2264 1983 2344 praeerant.

350 2349 437 2425 stum
454 2349 604 2427 fluvium
620 2352 836 2428 habitatores
851 2353 1029 2428 montium
1055 2380 1116 2453 ap-

300 2462 311 2512 .·
350 2455 484 2552 pellere
511 2469 661 2554 pergunt
687 2456 917 2538 Scultennam,
958 2454 1019 2530 sub
1045 2481 1116 2553 quo

350 2554 461 2628 etiam
513 2555 659 2629 nomine
710 2560 950 2634 Romanorum
1001 2582 1115 2631 rerum

352 2654 590 2753 scriptoribus
616 2672 721 2730 notus
749 2654 838 2731 suit.
876 2657 1004 2755 Populi
1032 2662 1116 2730 verb

351 2754 445 2829 infra
473 2755 621 2854 positia
661 2756 928 2858 quampluribus
963 2755 1116 2832 Saeculis

350 2858 529 2933 ‚Panarium
556 2878 785 2960 nuncupant.

404 2958 512 3053 Quod
539 2958 648 3034 etiam
676 2958 1053 3054 animadvertendum,
1080 2989 1117 3036 a·

352 3056 398 3134 lii
426 3059 583 3159 antiquis
611 3063 829 3159 temporibus
869 3062 964 3137 suere
991 3063 1117 3138 Comi-

1225 2346 1333 2444 quue
1361 2345 1578 2446 potissimum
1606 2347 1764 2448 contigit
1782 2349 1986 2449 Langobar-

1223 2448 1347 2522 dorum
1377 2455 1499 2545 Regno
1527 2449 1696 2548 vigente.
1735 2450 1905 2550 Campius
1946 2447 1987 2523 in

1224 2550 1354 2625 Histoe.
1409 2550 1637 2625 Placentinae
1695 2550 1827 2625 Eccles.
1874 2553 1985 2629 «Tora.

1225 2652 1327 2750 prim.
1355 2677 1431 2751 pag.
1464 2675 1546 2749 177.
1575 2649 1764 2727 Pertlrariti
1793 2651 1898 2752 Regis
1926 2651 1987 2726 de·

1224 2771 1358 2827 eretum
1386 2750 1492 2828 resert
1519 2752 1565 2826 de
1589 2749 1820 2828 controversia
1857 2750 1987 2846 linium

1224 2855 1317 2928 inter
1346 2853 1570 2951 Dagilberrum
1602 2855 1787 2943 Gallaldum
1821 2853 1987 2925 Placenti·

1225 2984 1284 3028 nne
1311 2958 1429 3054 Urbis,
1456 2955 1503 3034 &²
1529 2963 1664 3030 lmonem
1690 2953 1990 3049 GalloldumnPorss

1225 3086 1292 3128 men
1308 3084 1355 3129 rs.
1384 3059 1507 3154 Itaque
1528 3059 1645 3138 rides,
1674 3055 1780 3156 Regis
1799 3053 1987 3156 Magistra·
2064 3105 2068 3111 ·

351 3178 473 3253 tatus,
513 3161 576 3261 qui
628 3162 772 3237 subinde
814 3164 966 3239 extinsli
1007 3164 1129 3265 sunt5.
1156 3163 1189 3230 D
1226 3177 1281 3232 tus
1321 3157 1560 3233 Mutinensem
1599 3159 1771 3251 Populum
1809 3179 1897 3232 tunc
1933 3183 1990 3231 re·

352 3261 580 3364 ipsorumque
607 3261 862 3341 Comitatuum
896 3265 1029 3362 semper
1055 3265 1118 3339 sta-

356 3364 484 3439 bilium
513 3365 608 3439 suere
629 3367 694 3440 alii
714 3365 821 3451 fines,
849 3395 888 3440 ac
908 3366 1013 3441 modo
1034 3367 1118 3441 lint.

352 3464 393 3534 ld
425 3473 507 3538 verb
534 3465 667 3538 sodium
695 3465 765 3539 sive
791 3494 834 3538 ex
863 3472 1119 3562 imperatorum

352 3566 538 3661 Regumve
557 3564 721 3644 decreto,
743 3564 812 3636 live
828 3566 1002 3636 bellorum
1023 3567 1119 3639 eaus-

350 3660 407 3749 sa,
431 3688 519 3760 quae
541 3663 561 3700 *
585 3660 734 3736 visiosis
755 3664 863 3738 Urbis
888 3691 1009 3761 agrum
1029 3665 1119 3740 dila-

351 3759 469 3844 tavit,
497 3761 614 3837 villae
640 3764 848 3839 contraxit.
874 3768 1000 3841 Liceat
1028 3767 1118 3841 mihi

351 3861 470 3938 rursus
498 3864 536 3938 in
565 3865 700 3941 scenam
737 3868 908 3943 deducere
942 3869 1118 3941 Civiearem

349 3965 454 4040 illam
483 3973 633 4055 Nouam,
661 3997 767 4066 quam
793 3968 893 4068 supra
912 3969 1117 4062 innuimus,

351 4067 494 4141 Murind
520 4068 631 4141 veteri
668 4070 832 4146 Civitate
873 4100 981 4170 paene
1007 4072 1119 4147 deser-

196 4245 204 4268 „
349 4171 409 4261 ti,
447 4197 468 4245 a
502 4167 656 4244 Civibus
692 4169 815 4243 noslris
850 4175 941 4247 olim
978 4175 1117 4249 habita-

352 4292 453 4361 tam,
481 4291 587 4372 atque
614 4271 657 4345 ab
685 4269 750 4343 hac
771 4271 867 4342 Urbe
886 4274 1115 4347 Occidentem

353 4374 472 4451 versus
498 4393 652 4473 quatuor
677 4372 833 4473 passuum
859 4373 1019 4447 millibus
1046 4375 1116 4449 dis-

353 4474 479 4550 srtam.
510 4477 590 4551 lllic
615 4494 832 4552 autemnon
859 4472 976 4550 minus
1001 4479 1115 4574 Popu-

354 4575 410 4648 lus
437 4575 673 4668 Mutinenss‚
712 4605 820 4678 quam
860 4575 1019 4653 Ministri
1047 4584 1117 4654 Re-

355 4675 439 4852 pis,
475 4676 569 4768 five,
601 4698 642 4753 ut
668 4681 830 4778 aiebant,
866 4678 1116 4774 Reipublicae,

372 4778 473 4850 edem
500 4773 597 4848 suam
623 4780 794 4875 posuere.
821 4786 863 4854 In
890 4779 1023 4856 vetusto
1049 4784 1121 4856 Ca·

1227 3277 1372 3356 gonus,
1399 3287 1418 3334 a
1445 3259 1588 3332 civitam
1614 3263 1710 3332 Nova
1737 3257 1833 3332 suam
1861 3262 1923 3358 per
1948 3285 1991 3334 ea

1227 3383 1386 3457 tempora
1441 3359 1631 3435 desumsisse
1686 3358 1991 3459 appellationem.

1229 3468 1344 3536 Immo
1370 3465 1522 3536 Comitem
1548 3463 1657 3538 etiam
1693 3462 1856 3535 Civitatis
1887 3461 1991 3558 liujus

1228 3571 1341 3636 Novae
1366 3565 1625 3656 deprehendisse
1651 3561 1743 3638 mibi
1764 3563 1891 3638 videor
1909 3566 1992 3635 An·

1229 3691 1275 3737 no
1314 3670 1550 3741 DCCCXIII.
1595 3666 1634 3740 iu
1675 3664 1806 3742 tabulis
1848 3660 1991 3739 Rataldi

1229 3765 1393 3864 Episcopi
1439 3767 1680 3850 Veronenfis,
1728 3769 1772 3840 ab
1812 3760 1992 3865 Ughellio

1229 3871 1350 3940 Tomo
1377 3874 1421 3941 V.
1451 3872 1530 3943 ltal.
1557 3874 1647 3945 Sace.
1667 3865 1797 3942 editis.
1824 3865 1872 3939 lis
1891 3863 1992 3939 enim

1230 3967 1415 4043 subscribit
1450 3971 1651 4067 Riempereus
1683 3975 1793 4042 Comes
1831 3965 1994 4040 Civitatis

1160 4067 1188 4137 Ε
1229 4077 1369 4156 Navae,
1396 4071 1560 4172 idemque
1586 4071 1639 4147 ibi
1665 4069 1704 4145 in
1731 4073 1841 4147 altera
1879 4065 1995 4142 Char-

1232 4193 1266 4247 ta
1296 4174 1521 4271 praecedente
1547 4171 1728 4253 occurrit,
1761 4170 1818 4244 sed
1859 4166 1995 4242 vitiato

1231 4275 1395 4348 nomine.
1422 4279 1527 4350 Tunc
1554 4303 1598 4350 ex
1626 4270 1823 4350 semoniae
1848 4267 1999 4345 Civita-

1234 4374 1281 4448 tis
1316 4374 1428 4450 ruinis
1464 4375 1620 4450 nondum
1657 4393 1740 4453 nata
1773 4391 1850 4447 erat
1884 4371 2000 4449 alteru

1233 4476 1364 4550 Civitas
1397 4485 1496 4553 Nova
1538 4476 1576 4551 in
1624 4476 1741 4552 Islriee
1782 4469 2000 4553 Provincia.

1233 4581 1291 4652 Ac
1318 4600 1499 4679 propterea
1525 4579 1601 4654 veri
1623 4578 1776 4653 omnino
1794 4574 1909 4648 fimile
1929 4569 1998 4664 esi,

1234 4678 1313 4755 illie
1358 4680 1545 4755 memorari
1607 4679 1792 4758 Comitem
1837 4672 1998 4748 Civitatis

1235 4787 1348 4855 Nouae
1400 4782 1654 4874 Mutinensis,
1692 4807 1732 4855 ac
1774 4774 2004 4949 praeserpqmo

1853 4903 1899 4977 qu

299 5101 302 5106 A
434 5020 452 5054 ’
474 5017 660 5106 legendnm
680 5017 841 5091 vislrieis:
871 5023 1035 5110 Nusquam
1056 5023 1167 5107 enim,
1195 5022 1253 5091 nili
1280 5024 1410 5092 feminei
1432 5027 1555 5109 generis
1576 5024 1653 5091 Urbe
1672 5020 1753 5088 ditio
1774 5010 1894 5115 latinos*
1916 5013 2006 5108 apd

350 5105 526 5193 scriptores
545 5105 718 5192 reperitur,
732 5105 768 5174 δι
786 5104 909 5176 vilioris
928 5131 985 5194 pro
1004 5105 1157 5190 vidriris,
1175 5126 1229 5175 aut
1251 5105 1460 5191 amanuensis,
1481 5126 1534 5176 aut
1555 5101 1745 5193 typographi
1765 5101 1840 5170 lectt
1861 5115 2007 5168 susurro·
