4216 6014
287 345 368 433 353
400 297 402 302 ’

227 436 322 532 quod
348 431 397 513 iis¹
414 424 554 503 rabulis
579 425 843 529 subscripserint
871 435 989 500 Gerar·
1013 436 1064 534 [Α

227 541 288 654 dqs
313 542 422 606 Comes
448 530 608 648 Civitatis
634 532 824 632 Regienfis‚
852 542 1022 663 comer-q

224 660 345 710 minus
372 629 567 706 Mutinensi
594 658 701 733 agro,
737 629 776 707 &
816 633 1018 724 adalelmus·

226 739 265 810 aa
291 736 415 832 Gagio,
455 734 517 830 qui
559 733 669 806 Vicus
706 751 790 807 tunc
828 733 868 807 in
896 737 990 833 Pago

226 835 445 912 Persicetano
470 835 623 909 inclusus
650 834 826 935 speblabat
853 835 895 909 ad
917 839 992 910 Co·
1031 900 1034 907 .

229 935 691 1015 miratum'Mutineusem.
742 942 828 1011 Erat
872 957 990 1013 autern

103 1103 105 1106 Α
227 1040 440 1117 incivitate
464 1044 561 1111 Nova
587 1037 739 1113 Ecctefia
765 1038 885 1114 saneti
928 1040 990 1111 Pe-

230 1144 301 1234 tri,
328 1143 470 1223 eadem,
496 1157 673 1238 utputo,
700 1168 789 1239 quae
814 1168 908 1217 nunc
936 1137 992 1213 su·

112 1307 115 1311 .
230 1244 358 1347 peresi,
400 1241 635 1327 parochialis,
676 1243 821 1317 unicum
848 1239 992 1316 illustris

232 1347 323 1423 olim
343 1344 435 1419 ..1οεί
456 1400 459 1405 -
484 1363 756 1419 monumentum
796 1341 990 1451 superstes:

230 1475 313 1524 naro
354 1458 468 1522 cetera
494 1444 658 1520 aedilicia
695 1443 832 1544 dejesia
859 1439 996 1542 jamdiu

230 1549 351 1642 suere,
387 1567 493 1647 atque
520 1546 770 1623 effodientibus
797 1547 993 1620 etiamnum

602 293 968 399 orsstnrarro
997 257 1480 401 vrorsrararrmas
1514 327 1526 366 ·-
1728 311 1817 423 '354

1103 421 1251 497 illorum
1279 424 1423 527 vestigia
1448 433 1660 498 occurrunt.
1687 425 1728 497 In
1755 434 1872 501 lronte

1104 525 1255 625 ejusdem
1284 525 1432 626 Templi
1472 529 1668 601 collocatus
1695 524 1872 624 speilatur

1106 626 1394 726 Langobardicus
1421 627 1481 701 hic
1507 627 1621 727 lapis,
1662 626 1873 706 charabieri-

1106 730 1169 802 bus
1210 728 1381 801 Romanis
1416 726 1592 828 scriptus,
1638 727 1873 808 &Saeculo

1106 828 1238 906 Christi
1266 834 1364 904 XVI.
1391 826 1430 904 iu
1456 857 1498 904 eo
1519 855 1603 929 agro
1624 831 1761 925 effossus
1781 836 1873 911 olim

1086 931 1151 1008 ·a'd
1175 932 1337 1007 eumdem
1364 931 1478 1030 ipsum
1518 934 1638 1005 locum
1677 935 1874 1031 pertinens.

1108 1036 1287 1134 Implexae
1314 1032 1447 1112 alicubi
1488 1032 1568 1109 sunt
1603 1032 1729 1111 literae
1767 1060 1883 1136 atque

1107 1136 1273 1217 attritae,
1300 1135 1352 1211 ita
1379 1153 1418 1211 ut
1444 1136 1613 1236 colligere
1639 1162 1760 1213 omnes
1782 1141 1887 1216 mihi·

1108 1238 1243 1313 curiose
1268 1241 1471 1337 exploranti
1498 1264 1570 1313 non
1598 1231 1761 1316 licuerit.
1803 1244 1872 1316 Di-

1109 1363 1178 1436 gna
1213 1358 1331 1414 autem
1366 1340 1556 1442 Inscriptio
1596 1340 1643 1416 cll
1682 1369 1771 1445 quae
1794 1369 1903 1439 om·-

1018 1453 1025 1636 Ι
1083 1467 1089 1644 Ι
1110 1439 1212 1512 nium
1238 1442 1353 1515 oeulis
1375 1440 1610 1542 subjiciatur.

291 1758 458 1840 HAEC
487 1757 582 1840 XPS
604 1748 975 1839 'FUNDAMINA
1007 1750 1218 1834 POSUIT
1249 1753 1618 1869 FUNDATORE

245 1909 248 1917 ‘
293 1875 457 1956 REGE
489 1875 851 1957 FELICISSIMO
884 1870 1221 1962 LIVTPRAND
1252 1875 1449 1958 PER··..
1480 1874 1573 1955 VM
1603 1874 1818 1958 CEB...;.

225 1998 229 2007 ·
294 1990 403 2074 Hrc
434 1989 528 2071 ver
560 1983 793 2087 tusrotffi'
822 1993 982 2074 rurus
1014 1989 1437 2095 rnunuuurvu
1511 2091 1515 2096 ,

295 2109 494 2192 FACTA
527 2109 636 2190 EST
665 2108 986 2192 SECVRITAS
1019 2106 1102 2186 VT
1132 2109 1242 2187 PAX
1272 2110 1587 2203 SERVETVR

291 2227 380 2310 SIC
411 2227 626 2308 VIRTVS
660 2229 952 2310 ALTISSIMI
984 2221 1172 2307 FECIT.
1192 2225 1538 2309 LONCIBARD.

242 2414 245 2419 .
290 2345 580 2426 TEMPORE
611 2345 1004 2456 TRANQVILLO
1036 2342 1117 2422 ET
1154 2343 1523 2428 FLORENTISS.

258 2560 261 2566 Δ
290 2463 495 2545 OMNES
527 2463 610 2544 VT
640 2463 1067 2549 VNANIMESnm
1098 2459 1269 2545 PLEm
1300 2464 1347 2546 Is
1379 2461 1691 2548 PRINCnuJ·

106 2758 107 2761 Ἴ
235 2673 520 2776 Diligentissime
545 2676 705 2778 inspexi,
725 2678 927 2780 legiturque
944 2637 1071 2756 mc
1111 2678 1244 2751 Carolo
1285 2682 1421 2780 Magno
1465 2677 1623 2754 nondum
1664 2681 1874 2778 Imperatori

231 2804 304 2852 non
331 2782 535 2877 Langobard.
570 2779 626 2854 sed
665 2783 853 2856 Loneibard.
889 2809 996 2882 quam

231 2879 422 2954 leiiionem
464 2881 502 2955 in
538 2883 619 2958 aliis
660 2909 835 2983 quoque,
878 2884 998 2983 paucis

230 2998 380 3061 tamen,
406 2981 564 3080 antiquis
590 2985 831 3059 monumentis
857 2984 997 3083 reperi,

231 3079 283 3154 ita
312 3081 416 3155 utin
453 3083 636 3183 posterum
660 3085 684 3158 si
720 3082 997 3183 Langobardorum

230 3195 449 3280 nomen'per
474 3189 533 3272 0,
560 3212 632 3260 uon
659 3212 720 3285 per
739 3191 800 3276 A,
827 3185 996 3284 scripturn

231 3281 278 3354 iis
295 3283 528 3378 ‘temporibus
553 3304 739 3366 occurrat,
781 3312 866 3359 non·
880 3285 1000 3359 conti·

234 3406 308 3453 nuo
349 3381 613 3455 inclamandum
654 3383 717 3476 sit,
768 3388 876 3460 latere
917 3385 998 3459 illic

234 3480 391 3554 fraudem
429 3479 497 3555 live
532 3483 780 3581 imposturam.
821 3487 997 3586 Equidem

1112 2776 1240 2876 positus
1276 2778 1341 2857 ille
1378 2807 1476 2855 arcus
1518 2780 1607 2855 suit.
1645 2784 1777 2883 Verum
1806 2811 1874 2882 qua

1112 2880 1249 2952 ratione
1276 2880 1344 2954 hoc
1370 2908 1499 2956 nomen
1540 2881 1775 2975 scriberetur,
1820 2912 1875 2960 re·

1112 2979 1302 3075 gnantibus
1329 2979 1408 3076 ipfis
1428 2983 1693 3081 Langobardis‚
1721 2984 1874 3081 Lapides

1112 3082 1253 3152 tantiam
1279 3105 1319 3152 ac
1345 3082 1451 3154 Libri
1473 3100 1557 3156 tunc
1576 3081 1697 3179 scripti
1719 3084 1876 3161 indicare

1113 3198 1210 3253 certo
1238 3181 1395 3279 possent.
1437 3183 1767 3259 Intereahabemus
1794 3185 1872 3262 heic

1113 3279 1383 3381 inscriptionem
1410 3280 1480 3357 fine
1505 3283 1731 3359 dubitatione
1751 3284 1789 3359 in
1809 3287 1880 3363 ci-

1112 3380 1226 3454 vitate
1255 3386 1360 3457 Nova
1387 3384 1532 3483 positam
1561 3385 1622 3459 sub
1648 3385 1872 3487 Liutprando

1111 3485 1207 3581 Rege
1232 3483 1374 3558 circiter
1400 3490 1547 3561 Annum
1583 3485 1714 3563 Christi
1753 3491 1872 3565 DCC-

230 3580 270 3654 in
298 3583 474 3680 germanis
500 3579 627 3661 Caroli
654 3588 781 3689 Magni
809 3590 997 3688 Diploma-
1038 3584 1072 3652 D
1112 3587 1223 3655 XXX·
1259 3587 1382 3687 Atque
1422 3587 1516 3662 idem
1555 3587 1673 3690 lapis,
1722 3589 1747 3664 fi
1785 3590 1872 3691 quid

230 3682 370 3769 tibusf
387 3702 492 3781 atque
533 3687 615 3761 aliis
641 3687 679 3763 in
706 3689 856 3764 Chartis.
875 3715 996 3764 exara·

229 3784 278 3857 tis
307 3782 368 3858 sub
395 3787 576 3860 Carolinis
597 3789 890 3890 =smperatoribus
925 3789 996 3865 fere

229 3885 365 3985 semper
389 3888 616 3984 Langobardos
644 3885 703 3990 per
729 3897 786 3974 A,
821 3918 894 3967 non
935 3918 995 3990 per

229 3991 287 4074 0,
323 4009 537 4064 memoratos
580 3990 843 4071 animadverti.
885 3993 996 4092 idque

197 4173 201 4182 ⁸
229 4089 340 4163 etiam
368 4089 541 4166 constabit
575 4110 637 4166 ex'
658 4120 854 4177 marmore,
900 4095 994 4194 quod

226 4190 264 4265 se
290 4189 453 4290 speblalle
494 4196 709 4287 Ravennae,
746 4195 789 4270 ad
828 4221 885 4270 me
912 4194 995 4271 seri-

228 4290 297 4392 pstt
322 4292 482 4367 Amicus
502 4320 601 4369 meus
627 4297 796 4396 antiquae
823 4296 995 4373 eruditio-

231 4392 286 4468 nis
313 4397 451 4486 cultor,
477 4422 517 4469 ac
543 4397 709 4473 Medicus
736 4400 882 4476 celebris
903 4399 993 4474 Dio·

233 4494 346 4589 nystus
373 4496 532 4572 Andreas
559 4501 817 4576 Sancalsanius.
855 4501 909 4575 lbi
937 4501 993 4575 in-

231 4621 337 4693 quam
364 4598 401 4670 in
429 4599 625 4698 peripheria
662 4603 847 4676 marmoris
885 4601 987 4676 stabii

231 4694 274 4769 hi
316 4697 525 4775 charaileres
562 4702 744 4801 supersunt
762 4757 875 4780 .....
925 4707 992 4780 OL

230 4801 993 4888 Reorruaucouettauovoau-

229 4953 349 5039 non.
375 4932 475 5028 isse
500 4923 742 5032 rn‘setcm
769 4964 836 5032 Ro
851 5011 992 5034 ......

332 5113 423 5182 Tem.
439 5110 497 5182 IV.

1109 3681 1241 3768 video,
1275 3705 1415 3784 tempus
1455 3688 1568 3789 ipsum
1607 3689 1771 3783 indicat,
1798 3720 1870 3792 quo

1110 3785 1263 3883 primum
1291 3788 1470 3864 aedificari
1497 3811 1621 3890 coepta
1657 3792 1704 3868 est
1739 3795 1873 3869 Civitas
2026 3800 2030 3807 ’

1108 3892 1207 3960 Nova
1231 3888 1510 3965 Mutinensrum.
1556 3892 1611 3968 lbi
1643 3895 1736 3988 prius
1769 3920 1871 3995 para-

1108 3991 1225 4061 rantur
1251 3989 1405 4075 infidias.
1444 3996 1539 4095 Ergo
1566 3993 1611 4068 ad
1635 3999 1869 4088 avertendos,

1109 4089 1356 4191 terrendosque
1380 4088 1556 4179 latrones,
1581 4097 1616 4169 ἃ
1644 4099 1686 4170 ad
1715 4098 1868 4171 liberan-

1109 4187 1189 4265 dam
1216 4193 1259 4267 ab
1276 4214 1406 4269 :eorum
1441 4196 1577 4271 insidiis
1614 4198 1719 4271 Viam
1756 4195 1868 4271 Clau·
1941 4255 1943 4258 ψ

1107 4292 1202 4366 diam
1229 4294 1315 4369 illac
1334 4317 1598 4376 excurrentem,
1627 4297 1867 4393 liutprandus

1106 4392 1323 4478 Coloniam,
1358 4417 1398 4471 ut
1432 4397 1484 4471 ita
1509 4398 1646 4477 dicam,
1688 4397 1874 4474 habitato*

1106 4522 1206 4577 rum,
1233 4496 1301 4571 slve
1328 4497 1475 4571 Civium
1505 4496 1788 4584 Mutinenfium‚
1827 4502 1866 4578 in
1941 4519 1943 4523 ’

1105 4597 1304 4672 Civitatem
1333 4602 1475 4672 Novam
1502 4598 1651 4674 deduxit
1675 4602 1773 4702 cujus
1794 4605 1866 4706 ipse

1101 4697 1328 4774 fundamenta
1354 4701 1509 4775 locarat.
1550 4703 1711 4779 Celebris
1739 4706 1864 4784 deinde

1100 4801 1153 4875 ita
1179 4805 1278 4876 locus
1306 4798 1434 4882 evafit.
1478 4822 1518 4877 ut
1544 4805 1618 4904 ejus
1646 4809 1865 4882 mentionem

1101 4902 1140 4977 in
1167 4902 1346 5003 postremis
1374 4901 1443 4978 suis
1470 4907 1600 4981 tabulis
1628 4912 1736 4982 Anno
1754 4907 1865 4981 Chri-

1066 5005 1141 5086 lsti
1174 5008 1372 5080 DCCCVI.
1399 5005 1552 5082 Carolus
1590 5005 1862 5180 MagnusBaapud

1159 5109 1187 5177 Z
1219 5119 1220 5123 a
