4216 6014
295 320 382 433 'iss

479 369 481 373 -
572 308 938 404 DlSSERTATlO
988 301 1543 395 VIGESIMASECUNDAJ

1631 410 1633 414 ,
1726 305 1817 424 rel
1846 415 1863 426 ..

231 435 492 532 praeferentes,
519 429 659 533 stirpem
688 433 782 531 suam
810 432 889 506 heic
910 437 993 529 pro'·
1028 429 1066 501 A
1103 422 1345 542 conuallibus
1385 423 1689 546 secedendum
1729 429 1875 525 Largo&

230 553 428 635 pagarunt,
454 531 568 633 iisque
594 552 680 609 tunc
705 535 827 610 darum
854 534 925 622 est,
953 547 992 605 ut
1103 526 1204 600 barda
1240 527 1323 609 iub,
1365 531 1450 602 Iralr
1489 527 1677 627 rodrgenae
1714 523 1874 645 Romani

231 633 310 712 suae
336 635 453 737 gentis
491 641 524 711 L
570 661 589 710 e
622 637 658 709 u
693 635 757 736 ipfi
784 652 992 712 uterentur.
1104 645 1309 702 uterentur.
1337 628 1488 703 Nullum
1517 627 1676 725 profesto
1695 627 1799 729 burus
1819 653 1872 703 rer

230 739 473 814 Luculentum
510 662 628 811 tidem
663 735 743 811 beic
769 736 881 812 habeo
909 734 994 833 Pip-

232 838 356 942 pinum
384 836 497 937 ipsum
526 843 680 938 Regem,
719 839 783 940 qui
823 839 861 912 in
897 841 994 934 Lege

234 945 295 1014 28.
322 941 416 1015 inter
440 939 724 1039 Langobardicas
754 940 898 1015 statuit:
943 943 995 1009 De

235 1041 370 1127 diuersis
399 1038 656 1138 generationibus
689 1044 870 1133 bominum,
915 1063 995 1136 quae

235 1144 271 1216 in
296 1141 398 1214 ltalia
419 1163 633 1234 *commanem
659 1146 832 1226 uolumus,
859 1164 896 1215 ur
921 1140 995 1212 ubi-

233 1266 360 1338 rumqur
383 1242 479 1335 culpa
494 1246 680 1342 eontigerit,
706 1253 789 1318 unde
808 1246 915 1342 sagda
933 1268 996 1312 cre·

1111 727 1296 829 vestigium
1332 729 1373 803 in
1407 727 1551 802 Chattis
1579 752 1706 804 'eorum
1735 750 1875 830 tempo·

1111 858 1189 906 rum
1231 829 1413 905 habimus.
1451 827 1614 912 offendi,
1668 831 1731 905 nili
1778 829 1875 932 quod

1107 933 1251 1008 Clariis.
1279 932 1519 1007 Mabillonius
1544 929 1583 1004 in
1605 934 1813 1030 Appendice
1831 933 1876 1009 ad

1108 1038 1216 1108 Tom.
1252 1057 1285 1108 2.
1321 1036 1455 1108 Annal.
1481 1030 1743 1109 Benediuinor.
1777 1061 1876 1111 num.

1111 1161 1169 1232 24
1188 1162 1233 1210 ex
1260 1135 1461 1236 apographo
1481 1135 1618 1211 tabulas
1637 1133 1767 1227 refert,
1794 1135 1876 1234 qui·

1110 1239 1173 1313 bus
1199 1239 1420 1336 Munigundir
1443 1239 1528 1327 uelle
1553 1239 1751 1312 Monialium
1778 1238 1876 1331 indu-

135 1349 136 1353 ’
227 1344 311 1438 scere
347 1345 485 1437 poteria,
520 1365 580 1436 pro
612 1346 835 1438 satisfailione
861 1341 998 1418 bominis
1045 1365 1074 1435 g
1110 1359 1170 1420 la,
1206 1363 1286 1434 quae
1319 1340 1394 1433 visa
1422 1339 1495 1432 [um
1520 1344 1640 1413 vivens
1675 1346 1760 1437 Lege
1785 1347 1877 1412 Lan*

235 1445 353 1526 illius,
390 1465 498 1519 emera
522 1472 613 1543 quem
637 1448 864 1544 culpaverint,
885 1446 997 1539 seeun-

233 1548 312 1621 dlrm
331 1553 446 1645 Legem
464 1549 583 1639 ipfiur,
605 1551 656 1622 cui
673 1549 899 1646 negligentiam
918 1573 997 1618 eom·

234 1648 405 1739 mrfiriur,
445 1657 627 1723 emendent.
672 1651 731 1724 Ad
775 1650 861 1725 haec
905 1649 999 1725 inter

234 1747 459 1845 Capitularia
485 1750 590 1850 ipfius
615 1751 759 1852 Pippini
783 1750 908 1826 Italiae
931 1754 999 1822 Re·

235 1848 313 1947 gis,
339 1847 436 1924 edita
462 1877 482 1924 a
508 1853 657 1927 Baluzio
685 1857 805 1928 Tomn
834 1856 860 1925 l.
886 1849 999 1949 Capi-

235 1950 342 2022 tular.
380 1975 457 2050 pag.
495 1971 580 2047 542.
617 1978 706 2051 quae
748 1970 867 2027 tamen
906 1954 1000 2026 inter

233 2048 524 2145 Langobardicas
564 2056 679 2152 Leges
723 2079 796 2127 non
821 2052 1001 2127 recensen-

236 2167 315 2228 tur,
340 2149 375 2222 δι
396 2151 541 2248 aequius
561 2151 700 2228 fortalse
723 2154 900 2230 referenda
921 2153 1002 2228 sunt

1107 1439 1338 1535 godomarum,
1373 1437 1581 1516 Cairarense
1620 1440 1877 1516 Monasterium

1112 1540 1263 1632 fundat,
1290 1538 1330 1614 δι
1357 1542 1587 1639 patrimonio
1613 1543 1724 1618 donat
1748 1543 1786 1618 in
1814 1550 1879 1614 Ce-

1112 1643 1228 1716 miraru
1262 1641 1447 1733 lepriensi,
1481 1668 1575 1718 nunc
1610 1640 1649 1715 iu
1686 1672 1769 1744 agro
1796 1647 1879 1718 Me-

1111 1741 1326 1836 diolanenfi,
1364 1760 1404 1818 ut
1429 1742 1469 1819 in
1497 1742 1718 1845 praecedenti
1747 1747 1883 1819 Differ·

1111 1845 1251 1920 ratione
1277 1843 1463 1920 uidimus.
1502 1847 1568 1922 Sed
1604 1845 1696 1920 mibi
1723 1843 1879 1946 suspen·

1111 1946 1158 2021 est
1184 1944 1284 2021 illius
1311 1944 1470 2023 Chartae
1495 1948 1581 2024 fides
1607 1974 1651 2022 ex
1678 1948 1748 2040 boc
1774 1948 1877 2048 ipso,

1112 2048 1206 2145 quod
1241 2052 1376 2148 Legem
1420 2049 1516 2125 suam
1558 2046 1767 2154 profiteatur
1786 2077 1810 2124 :v
1840 2047 1905 2123 id
1942 2131 1945 2134 ‚

1111 2147 1207 2222 enirn
1236 2175 1386 2234 vereor,
1412 2168 1453 2225 ut
1479 2151 1516 2226 in
1545 2155 1605 2227 usu
1633 2169 1720 2226 tunc
1746 2148 1878 2226 fuerit.

235 2248 278 2322 ad
301 2246 475 2324 Carolum
500 2257 697 2353 Magnum,
721 2255 789 2329 hoc
815 2252 1001 2356 inprimis
1042 2276 1073 2346 (ζ
1112 2253 1294 2325 Praeterea
1319 2251 1455 2326 Charta
1490 2252 1555 2327 illa
1591 2253 1718 2353 scripta
1745 2252 1880 2330 dicitur

234 2354 582 2430 commemorandum
604 2356 670 2432 est.
697 2359 871 2450 Explirare
886 2360 1001 2429 delent

234 2451 297 2548 lpse
321 2454 437 2545 Mrffi,
462 2458 602 2551 qualiter
628 2465 751 2531 Damno
776 2459 864 2556 Regi
880 2457 1000 2530 dilium
1035 2473 1038 2480 '

1111 2360 1283 2447 Regnante
1317 2358 1441 2425 Damno
1480 2354 1580 2442 nullm
1604 2355 1805 2451 Liueprande
1828 2353 1880 2436 ’ῥ’

1111 2455 1337 2551 Heldeprando
1361 2455 1475 2543 nnllris
1495 2457 1755 2549 recellenrrffimis
1774 2457 1879 2555 Regi·

232 2551 304 2642 rll,
330 2559 413 2648 quod
437 2559 534 2628 multi
551 2559 588 2648 se
612 2563 858 2657 conplangunt,
885 2568 1000 2657 Legem
1111 2558 1189 2637 lus,
1214 2563 1318 2630 Anne
1334 2583 1436 2629 eurum
1456 2556 1611 2653 Vigefimo
1629 2561 1759 2642 Tmio,
1777 2559 1879 2632 meni

235 2679 297 2725 nan
323 2654 436 2727 babere
459 2660 699 2750 conservarem
721 2666 770 2732 Er
794 2663 872 2758 quie
896 2662 999 2732 omni—

233 2779 275 2826 no
297 2758 450 2830 voluntas
476 2761 597 2832 Domni
621 2764 723 2859 Regis
748 2761 815 2851 cll,
855 2783 892 2834 ur
916 2788 998 2834 unn-

174 2897 182 2912 «
226 2856 376 2954 squisque
400 2860 488 2931 bomo
520 2864 615 2953 suam
640 2872 754 2962 Legem
779 2866 916 2959 pleniter
940 2865 999 2935 be-

233 2956 308 3034 bear
332 2961 546 3047 scelerarorum
555 2991 572 3034 .·
602 2965 637 3050 st
669 2968 770 3039 alieni
802 2989 910 3039 eontra
936 2971 998 3036 Le·

230 3084 303 3156 gem
339 3059 463 3149 sallum
487 3064 550 3152 esi,
591 3078 653 3138 non
678 3068 721 3154 esl
736 3102 740 3107 ·
754 3070 906 3141 volueras
938 3067 1000 3158 lua

1105 2656 1472 2748 JeJulii,'Indidlione
1505 2657 1676 2754 Quinila.
1699 2663 1798 2736 Haec
1823 2687 1879 2736 er-

1111 2757 1249 2836 roribus
1275 2756 1428 2833 scatent.
1450 2763 1535 2834 Nou
1562 2759 1671 2836 iidem
1700 2759 1795 2836 fuere
1814 2789 1878 2837 an-

1112 2857 1151 2930 ni
1187 2859 1300 2958 Regni
1336 2861 1561 2956 Liutprando
1602 2877 1708 2959 atque
1747 2862 1878 2940 Hilde-

1112 2958 1264 3058 prando.
1289 2965 1339 3030 Er
1364 2964 1406 3032 ab
1422 2969 1525 3032 Anno
1549 2965 1675 3035 XXIII.
1697 2964 1878 3056 Liurpran·

1110 3058 1148 3130 di
1172 3056 1337 3133 abhorret
1362 3058 1502 3133 lndrllr'e
1526 3064 1676 3157 Quinte.
1704 3062 1797 3138 Vide
1823 3065 1879 3141 lu-

234 3186 289 3232 ner
315 3159 426 3255 iuffie.
452 3168 573 3258 Quam·
600 3165 762 3244 solicitus
785 3170 868 3244 effer
887 3171 999 3243 Caro·
1042 3179 1074 3246 ι)
1112 3182 1172 3259 pra
1197 3158 1238 3232 in
1264 3157 1519 3234 Differtatione
1548 3167 1647 3236 le.
1672 3164 1714 3233 de
1746 3168 1878 3242 Seruis.

233 3261 290 3334 lus
319 3266 395 3345 Rex
422 3263 465 3339 de
491 3266 692 3367 privilegiis
718 3269 775 3343 seu
795 3269 907 3367 paibis
928 3271 1000 3340 Ita·

235 3360 311 3433 lico
338 3364 476 3456 Populo
501 3390 614 3449 nuoer
638 3366 837 3465 conquifito
861 3366 999 3441 servan-

233 3459 316 3542 dis,
356 3458 442 3535 binc
486 3463 615 3542 habes.
656 3469 698 3543 In
741 3474 864 3570 Regno
889 3467 998 3543 etiam

234 3565 451 3641 Francorum
489 3566 605 3666 plures
639 3588 740 3645 erant
778 3578 892 3673 Leges
919 3596 999 3669 pro·

233 3661 335 3736 batae
362 3689 381 3737 a
411 3667 587 3766 Regibus,
614 3667 653 3745 ἃ
680 3671 886 3772 quibusdam
914 3697 998 3769 gen-

233 3762 330 3838 tibus
366 3766 585 3864 peculiares,
625 3770 664 3846 &
707 3774 751 3849 ab
790 3774 837 3849 iis
872 3770 997 3875 'paffim

235 3863 436 3963 usurpatae.
473 3871 525 3943 Ut
565 3898 649 3974 ergo
685 3893 846 3973 pateret,
891 3876 1020 3975 quam

234 3965 383 4065 quisque
420 3970 552 4068 Legem
578 3972 673 4049 intra
700 3977 843 4051 Italiam
879 3975 997 4077 seque·

1112 3259 1170 3332 Ad
1211 3257 1296 3333 haec
1335 3258 1572 3360 Manigundis
1611 3264 1722 3339 donet
1761 3265 1878 3341 eidena
2008 3319 2010 3328 r

1111 3358 1329 3435 Monasterio
1365 3388 1608 3463 quaecumque
1648 3363 1736 3456 infra
1775 3366 1878 3459 ipsum

1111 3470 1261 3557 Regnum
1284 3463 1434 3536 Italicum
1458 3464 1575 3538 bebere
1592 3465 1668 3557 visu
1686 3467 1778 3557 sum.
1804 3474 1878 3545 Vess

1109 3564 1197 3636 rum
1215 3560 1278 3636 sub
1304 3563 1460 3664 Regibus
1486 3565 1735 3667 Langobardis
1757 3568 1878 3648 audita

1109 3662 1537 3842 ,rr
1561 3668 1877 3850 mnu:

1110 3791 1367 3985 muliospeuae
1380 3917 1392 3951 ,
1419 3887 1460 3943 ut
1484 3872 1647 3971 exempla
1670 3870 1875 3963 ostendunt,

1109 3994 1202 4068 quae
1225 4022 1228 4029 -
1248 3993 1289 4042 m
1331 3970 1639 4070 ⁴Antiquitatibus
1684 3978 1875 4075 evulgavi.

233 4086 353 4159 retur,
379 4065 418 4139 in
438 4073 698 4158 contraiiibus,
726 4077 890 4175 judiciis,
916 4076 998 4152 alii·
1044 4076 1073 4146 E
1112 4068 1266 4167 Reliqua
1306 4070 1464 4155 omitto,
1506 4093 1613 4174 arque
1654 4075 1697 4151 ad
1725 4081 1877 4155 Francos

233 4165 316 4268 sque
342 4167 480 4245 abiibus
505 4173 737 4252 adhibendam
751 4203 767 4278 3
792 4175 843 4254 -&
869 4205 914 4254 ne
940 4177 999 4253 cui

233 4269 359 4345 liceret
384 4271 584 4360 mutatione
607 4278 717 4380 Legis
744 4278 833 4355 alios
859 4278 998 4356 eludere
1051 4356 1055 4362 .

236 4367 305 4445 five
340 4372 378 4446 in
423 4375 578 4477 negotiis
622 4377 662 4454 ἃ
699 4379 996 4466 succeffionibus,

234 4468 305 4546 srue
330 4472 370 4548 in
396 4475 542 4554 litibus:
580 4480 774 4582 unicuique
808 4511 896 4583 opus
922 4501 998 4558 erat

236 4568 334 4646 suam
378 4576 535 4676 profiteri
578 4589 751 4685 Legem,
808 4583 995 4662 secundum

235 4693 350 4771 ‘lum‘
388 4681 556 4780 regendus
595 4684 636 4761 in
685 4686 863 4786 posterum·
883 4687 994 4764 sorec.
1015 4708 1044 4719 ·’

236 4772 412 4860 Nondum
454 4781 585 4860 certior
638 4785 751 4866 fabius
795 4787 901 4874 sum,
949 4815 995 4864 an

232 4874 423 4975 quisquam
449 4875 488 4951 in
514 4883 645 4978 ltalia,
671 4891 916 4993 Langobaedis
941 4918 996 4966 re·

231 4976 582 5156 anamgbumlgegis
607 4985 931 5107 len-anemium
956 4991 995 5071 in

1110 4169 1218 4248 Italil
1244 4171 1380 4270 potitos
1405 4173 1595 4254 descendo.

1162 4272 1275 4349 Nulla
1301 4273 1480 4354 dubitatio
1514 4277 1581 4369 est,
1622 4278 1709 4379 quin
1735 4275 1796 4356 sub
1822 4279 1875 4356 eis

1111 4372 1253 4475 publica
1280 4374 1447 4453 confellio
1467 4379 1575 4479 Legis
1593 4377 1771 4480 viguerit.
1798 4384 1875 4458 Lo·

1110 4475 1247 4552 rharius
1271 4479 1367 4553 enim
1398 4481 1536 4555 Primus
1562 4481 1737 4582 Augustus
1762 4489 1875 4563 Anno

1111 4581 1384 4655 DCCCXXIV.
1425 4584 1557 4656 Romae
1597 4586 1729 4685 Legem
1755 4584 1874 4684 banc,

1110 4678 1201 4780 idest
1237 4704 1296 4780 37.
1335 4680 1431 4770 inter
1457 4685 1754 4785 ,Langobardicae
1780 4704 1875 4793 ‘pro-

1111 4783 1310 4883 mulgavita
1349 4785 1517 4867 Volumus.
1552 4806 1590 4859 ur
1607 4791 1745 4884 ‚puellus
1770 4799 1876 4888 Papre-

1100 4886 1163 4958 ‚lus
1203 4892 1370 4961 Romanus
1404 4886 1631 4987 lnrrrmgerur,
1667 4893 1758 4989 quali
1791 4901 1875 4986 Lege

1111 4986 1343 5156 uulrEvioere,
1368 5008 1406 5060 ur
1427 4990 1520 5075 mli,
1543 4992 1637 5087 ‘quali
1655 4991 1876 5162 pruseffissll·

1233 5109 1252 5155 e
1757 5115 1786 5162 rr
