4216 6014
253 61 254 65 ,
317 40 323 84 ’ζ
329 40 368 100 ᾖ*

232 351 377 530 &⁴7st
558 311 1003 490 Anrrgurr.
1050 302 1547 406 naorrarar'
1615 434 1620 441 ,
1720 326 1882 503 ’4732

303 468 336 510 aa
354 465 391 513 ra
415 436 580 538 deligam
603 441 686 521 laco,
719 438 777 510 orl
808 461 878 531 epar
912 461 981 506 nen
1039 436 1072 509 A
1110 435 1173 504 xl.
1199 428 1372 534 sumulque
1400 438 1481 510 tlt.
1510 439 1616 513 Nunc
1640 462 1786 542 repeto,
1825 444 1857 517 11

225 540 327 634 sara,
347 541 405 634 len
427 542 556 634 predita
579 538 731 614 coeremia
753 562 821 608 eum
841 541 927 608 onni
940 535 998 628 scr·

229 663 291 740 pra
310 642 347 735 se
371 647 520 735 amara,
539 669 593 739 ego
613 640 686 733 p‘arrr
712 636 820 711 didus
856 643 1001 712 Donaror

192 811 194 814 .
231 747 347 816 exinde
372 748 453 819 mibi
477 744 568 816 nulla
593 741 734 835 reservo,
761 767 828 812 una
851 767 920 812 cnm
946 739 999 811 in·

227 842 329 946 graffo
353 873 497 919 somnne.
537 847 586 914 Er
623 864 681 934 pro
704 841 778 916 dira
803 869 872 917 mea
896 845 998 913 dona-

231 950 316 1022 eione
339 947 456 1042 accepit
480 970 536 1041 ego
559 944 649 1015 dirus
669 951 813 1018 Donaror
830 946 875 1017 ad
894 964 925 1015 re
943 943 997 1016 di·

230 1050 280 1123 tio
306 1052 425 1118 Enrore
445 1046 550 1137 fenico
575 1045 685 1119 merito
709 1047 802 1138 cansa
828 1045 998 1142 Anigilda

229 1147 398 1220 Manieias
436 1154 554 1222 duas.
604 1154 653 1222 Er
701 1149 826 1247 quidem
860 1147 997 1241 spondeo

229 1269 324 1345 arque
362 1252 528 1343 repromiro
561 1277 617 1348 ego
645 1248 720 1346 jam
757 1251 828 1322 diro
854 1252 997 1322 Donaror

1108 532 1214 607 cuiffc
1239 532 1330 608 olim
1361 535 1524 621 Italicis,
1566 541 1700 641 abjefIf
1738 532 1886 620 Natio-

1108 633 1164 708 nis
1191 633 1270 712 suae
1295 641 1413 739 Lege,
1448 641 1597 715 alteram
1625 644 1764 741 publiie
1790 673 1882 746 pro·

1107 734 1227 812 fiteri'.
1270 741 1353 813 Huc
1395 736 1482 814 facit
1527 743 1695 818 Edictum
1737 747 1892 824 Lotha·‘

1105 835 1154 912 rii
1182 842 1211 914 1.
1238 839 1388 941 Augusti
1415 845 1550 919 Romae
1587 850 1727 946 promul
1753 869 1880 934 atum,

1104 957 1146 1012 ut
1173 939 1283 1042 supra‘
1299 941 1476 1018 vidimus.
1512 949 1634 1040 Quare
1672 876 1763 1026 nuria
1792 978 1881 1052 pro·

1102 1037 1202 1117 felsro
1243 1041 1375 1145 Legis,
1416 1043 1478 1119 etfi
1506 1051 1714 1148 plerumque
1741 1054 1880 1130 Natio·

1105 1167 1185 1217 nem
1224 1170 1368 1244 quoque
1407 1144 1566 1222 indicare
1616 1151 1842 1231 consueverit
1860 1173 1881 1250 ,'

1104 1262 1241 1319 certum
1276 1265 1397 1321 tamen
1432 1248 1585 1348 ejusdem
1621 1277 1899 1352 argumentum

227 1353 285 1423 vel
311 1351 386 1422 meis
420 1350 468 1431 (y
508 1351 673 1425 heredibus
711 1352 775 1425 ribi
799 1352 868 1423 diro
892 1355 998 1421 Enror
1043 1351 1072 1423 B
1105 1349 1267 1444 praebere
1294 1347 1443 1448 nequit.
1480 1353 1521 1424 In
1563 1353 1784 1430 Praefatione
1823 1359 1869 1432 ad

229 1452 286 1524 uel
311 1453 377 1524 ruis
401 1456 457 1526 uel
483 1455 668 1536 heredibus,
703 1473 762 1526 aar
800 1454 851 1525 sai
876 1471 911 1520 cn
938 1452 996 1522 de-

228 1553 335 1635 deris,
355 1552 421 1639 sir.
448 1561 497 1626 Er
514 1554 548 1641 fi
571 1561 612 1626 de
635 1557 709 1626 dira
735 1582 804 1625 mea
827 1552 996 1626 denariam

228 1655 384 1751 aliquddo
402 1676 535 1747 ternpore
552 1655 710 1743 molestare
731 1654 974 1750 presenserimus
982 1701 995 1734 ,

231 1754 281 1835 ψ’
306 1757 447 1854 quicquit
486 1758 573 1829 borno
610 1757 774 1848 defendere
800 1784 861 1829 non
883 1777 995 1852 parne-

217 1858 332 1948 vrimrrs
365 1887 388 1931 a
425 1878 552 1931 rantum
578 1859 613 1932 in
639 1879 793 1956 qnantum
827 1858 901 1929 dira
926 1884 996 1929 rnea

229 1959 397 2033 donacione
421 1961 596 2057 aliqnando
621 1980 774 2057 ternpore,
800 1986 868 2033 cnm
888 1958 997 2029 omnia

161 2054 163 2057 ⁵
223 2059 540 2158 suprasedente,
581 2063 616 2133 in
657 2061 811 2148 consimili
847 2066 911 2133 loco
948 2084 997 2130 res

231 2164 395 2246 valueris,
437 2168 571 2256 duplare
592 2166 812 2256 promisimus.
852 2168 901 2235 Er
939 2187 999 2234 ans

1105 1447 1357 1547 Antiquitates
1412 1452 1554 1527 Italicas
1602 1455 1870 1552 animaduerti,

1106 1548 1286 1623 Umbrorum
1311 1551 1463 1625 Comitem
1491 1553 1605 1648 filiam
1628 1563 1783 1654 qnondam
1808 1568 1868 1634 A·

1103 1652 1224 1745 medei,
1275 1652 1438 1729 rofefl'um
1464 1654 1564 1731 fuiffe
1589 1661 1698 1733 Anno
1733 1664 1867 1736 qu-

1104 1754 1207 1827 VIII.
1243 1678 1277 1828 lpe
1318 1762 1403 1852 Lege
1442 1757 1555 1830 vivere
1595 1767 1768 1843 Romana,
1809 1758 1870 1835 uti

1104 1872 1204 1952 patet
1242 1882 1287 1930 cx
1312 1853 1452 1930 Charta
1491 1859 1536 1929 ab
1575 1860 1747 1958 Ughelfio
1773 1860 1875 1935 edita

1104 1957 1216 2030 Tom.
1235 1982 1273 2054 4
1299 1958 1381 2031 Ital.
1407 1960 1555 2031 Sacrae.
1581 1960 1636 2031 Ex
1663 1985 1706 2034 eo
1732 1958 1877 2034 descen·

1104 2054 1161 2131 dit
1212 2057 1323 2158 Regia
1373 2056 1657 2134 Sabaudiensrum
1704 2064 1843 2137 Ducum
1860 2109 1875 2146 ,

1103 2183 1197 2232 nunc
1238 2159 1422 2234 Sardiniae
1468 2165 1639 2262 Regum,
1691 2163 1875 2257 Familia,

228 2266 401 2363 prrJenrem
423 2267 580 2365 paginam
604 2266 785 2339 donacionis
810 2293 895 2348 mer,
916 2261 999 2347 licus
1037 2276 1071 2351 C
1103 2284 1209 2359 quam
1237 2278 1357 2334 tamen
1383 2259 1655 2337 Guichcnonius
1685 2264 1876 2343 contendit

225 2367 327 2466 snpra
360 2369 499 2466 legitur,
522 2369 696 2467 ‚bogniqne
733 2388 866 2466 temporo
897 2364 1000 2457 firma

232 2471 280 2541 (9·
305 2469 424 2543 reabile
449 2471 634 2562 inconuulsa
669 2468 894 2543 inrevocabilis
925 2490 1000 2566 pcr-

231 2592 386 2650 maneat,
413 2598 480 2642 cnm
499 2570 719 2669 stipulacionis
739 2572 905 2666 [agnina.

282 2669 375 2744 Auo
401 2671 436 2741 in
458 2672 596 2764 presenti
629 2671 693 2744 loco
712 2669 840 2763 finibus
868 2680 1000 2772 Longo-

386 2771 458 2853 ria.
479 2772 642 2863 feliciter.
878 2827 882 2838 .

283 2876 421 2970 Signum
456 2880 500 2966 cle
536 2903 649 2948 manas
688 2875 758 2949 diro
795 2884 890 2950 Luuo
923 2875 1001 2968 filio

385 2977 586 3071 Gongolino‚
612 2978 660 3061 dy
687 2981 880 3079 Berengario
906 2986 999 3070 Res,

384 3079 442 3176 qui
475 3106 534 3151 ane
565 3079 737 3176 presentem
758 3087 916 3179 paginam
939 3083 998 3151 do-

1103 2362 1194 2436 olim
1221 2360 1317 2435 usam
1344 2361 1445 2436 fuifle
1473 2370 1557 2458 Lege
1574 2367 1704 2440 salica.
1730 2371 1786 2443 Ex
1804 2367 1873 2446 hac
1968 2454 1971 2459 ,

1104 2482 1220 2538 autem
1249 2464 1383 2539 Charta
1409 2461 1557 2540 Clariis.
1592 2467 1759 2544 Marchio
1793 2468 1874 2547 sci-

1106 2566 1167 2667 pio
1193 2566 1359 2666 Maffejus
1379 2571 1511 2640 Veron.
1526 2568 1691 2644 Illustrat.
1708 2571 1792 2648 Lib.
1808 2575 1871 2651 XI.

1104 2692 1180 2766 pag.
1192 2670 1278 2764 306.
1305 2667 1546 2764 conjefiuram
1574 2669 1745 2756 deduxit,
1765 2674 1871 2752 nobi-

1103 2767 1251 2842 liffimos
1278 2794 1336 2842 eos
1366 2770 1548 2870 Principes
1576 2776 1758 2850 Romanae
1796 2776 1873 2854 oti-

1102 2870 1197 2972 ginis
1223 2868 1345 2962 fuine,
1372 2897 1412 2944 ac
1440 2872 1650 2969 praecipue,
1695 2877 1792 2979 quod
1818 2877 1873 2956 fa·

1102 2971 1244 3047 miliare
1291 2972 1343 3047 ris
1383 2971 1492 3048 fuerit
1527 2978 1674 3050 Amadei
1713 3005 1843 3058 nomen
1856 3033 1872 3070 ‚

1102 3073 1275 3151 Latinum
1320 3100 1478 3172 nempe,
1524 3075 1595 3152 irc
1641 3084 1873 3172 Romanurn,

385 3181 526 3253 nacionis
544 3182 676 3274 scribere
694 3185 843 3281 rogavit,
871 3186 914 3254 o
933 3209 998 3253 om·
1035 3171 1078 3242 D‘
1103 3202 1175 3251 non
1202 3182 1285 3250 vero
1312 3195 1454 3251 exterae
1480 3180 1617 3276 gentis.
1661 3184 1811 3262 Proinde
1834 3187 1869 3263 is

385 3285 468 3365 nia,
495 3307 553 3382 qne
571 3282 656 3371 strar
684 3290 785 3385 snpra
809 3285 946 3384 iegitur.

281 3388 421 3485 Signum
446 3389 490 3473 rie
518 3392 561 3478 ris
590 3392 634 3478 ᾧ
661 3414 773 3461 manns
798 3391 999 3470 monforte,

384 3482 432 3565 ἄν
452 3487 638 3584 Frcdingo,
665 3485 713 3566 ὠ
731 3489 916 3568 Almerieo,
942 3488 1000 3560 vi-

384 3604 491 3663 vente
516 3591 615 3686 Lege
639 3586 776 3678 Salica,
803 3617 826 3662 a
844 3587 998 3680 firibere.

193 3719 196 3727 ’
281 3687 418 3789 Signum
453 3693 498 3781 *Ii
525 3692 569 3779 ⁴1⁴
597 3691 640 3778 'Il
684 3714 799 3762 manns
843 3695 999 3785 Aurengo

383 3791 433 3876 (α’
458 3787 652 3874 Felicis&
676 3792 814 3890 Agim,
851 3789 998 3865 vivente

381 3896 481 3996 Lege
520 3893 863 3995 Longobardorum‚
904 3920 998 3990 roga-

381 4015 435 4067 ras
459 3998 505 4068 ad
524 3998 680 4087 scribare,
707 3997 755 4081 θ
780 3999 911 4090 omnia,
939 4022 997 4095 qna

375 4094 460 4183 strue
480 4095 579 4193 snpra
604 4100 741 4197 legisse.

278 4206 328 4277 Er
352 4227 408 4300 ego
432 4199 610 4294 Gansfrrdo
634 4200 791 4276 Notarius
814 4224 908 4298 arque
925 4209 957 4294 J
958 4231 996 4274 u-

378 4307 436 4379 des
459 4305 500 4376 de
523 4305 630 4377 omnia
643 4353 655 4386 ‚
692 4328 751 4399 que
785 4302 887 4392 snpra
912 4303 995 4397 legi-

378 4429 459 4501 rrrr,
494 4406 552 4505 qui
584 4431 644 4478 ane
666 4402 822 4499 paginam
846 4404 994 4474 donacio-

379 4510 432 4582 nis
451 4507 579 4607 Jcriplir
604 4504 653 4585 &¹
676 4503 744 4603 poll
768 4504 892 4577 eradica
912 4530 992 4575 sorn-

375 4610 483 4705 plevir
509 4609 555 4689 &⁸
582 4609 737 4700 resolvit.

275 4703 417 4782 Exinde
442 4715 528 4782 vero
555 4705 769 4785 crebrius&
794 4703 991 4786 accuratius

224 4803 357 4910 {ignata
407 4805 447 4881 in
487 4809 632 4884 Chattis
671 4812 828 4887 cernitur
866 4809 989 4904 Legis,

225 4907 266 4987 ἀ
294 4935 366 4985 non
392 4935 471 4985 raro
505 4909 660 4983 Narionis
699 4937 867 5011 quoque,
904 4936 987 4982 con-

225 5010 356 5121 feffi03
398 5010 507 5115 idque
546 5006 723 5092 familiare
756 5010 827 5110 fuit
863 5014 988 5088 Seculo

1102 3276 1142 3352 in
1168 3280 1314 3353 alteram
1342 3279 1582 3379 conjeiiuram
1626 3286 1867 3402 progreditur,

1102 3379 1272 3456 videlicet
1299 3377 1376 3455 fieri
1405 3381 1579 3476 nomilia,
1607 3406 1647 3461 ut
1673 3387 1704 3463 ir
1729 3390 1871 3467 defren-

1103 3479 1220 3558 derint
1256 3483 1300 3555 ab
1336 3483 1525 3574 Amedeo‚
1571 3489 1687 3560 Milies
1723 3496 1870 3586 apprime

1102 3581 1225 3665 nobili,
1252 3583 1314 3680 qui
1343 3588 1454 3659 Anno
1482 3591 1727 3665 Dccccxt..
1748 3593 1864 3667 comi·

1101 3701 1174 3758 tem
1202 3682 1236 3758 se
1262 3685 1360 3760 dedit
1388 3690 1598 3790 Berengario
1636 3688 1765 3766 seniori
1800 3691 1864 3769 suo
2007 3725 2009 3728 ·

1102 3784 1215 3883 (teste
1250 3787 1476 3887 Liutprando
1509 3791 1590 3867 Lib.
1631 3814 1662 3885 5.
1699 3796 1787 3889 Cap.
1827 3801 1865 3874 8.
1952 3787 1955 3793 ¹

1101 3886 1231 3963 Histor.
1255 3891 1268 3988 )
1296 3888 1379 3964 dum
1401 3891 1438 3965 in
1457 3891 1679 3966 Germaniam
1700 3893 1867 3996 fugiens,

1100 3989 1267 4091 Hugonis
1295 3992 1401 4092 Regis
1428 3989 1565 4068 infidias
1594 3993 1720 4072 elufit.
1751 4001 1867 4077 Deni-

1100 4121 1168 4193 que
1191 4093 1314 4169 addit:
1358 4097 1454 4187 Forla
1479 4097 1673 4193 Berengario
1701 4101 1790 4191 sacro
1812 4107 1870 4195 pai

1101 4205 1152 4271 Re
1176 4193 1211 4268 d’
1223 4198 1323 4270 ltalia
1349 4198 1383 4267 in
1407 4197 1526 4294 premio
1545 4201 1631 4273 della
1653 4200 1716 4292 sna
1732 4206 1868 4301 afflgia-

1101 4326 1139 4370 ne
1164 4325 1181 4368 e
1205 4299 1259 4368 del
1288 4297 1348 4387 suo
1383 4303 1519 4392 valore,
1551 4303 1604 4398 gli
1638 4307 1720 4375 dono
1745 4309 1780 4378 la
1804 4315 1870 4379 Sa-

1098 4398 1199 4490 voja,
1238 4423 1258 4466 o
1293 4425 1377 4496 gran
1402 4423 1495 4495 parre
1534 4400 1665 4499 d'rffa.
1693 4409 1870 4505 Equidem

1100 4518 1234 4573 certum
1278 4523 1385 4601 puto,
1423 4531 1493 4578 non
1535 4503 1587 4580 ita
1626 4512 1868 4585 Romanorum

1099 4599 1199 4675 fuiffc
1236 4604 1415 4703 proprium
1460 4609 1602 4680 Amedei
1627 4635 1782 4692 nomen,
1826 4628 1871 4688 ut

1098 4703 1193 4776 inter
1219 4707 1369 4779 Francos
1396 4706 1528 4793 etiam,
1566 4707 1606 4784 ἃ
1633 4711 1767 4785 Salicae
1795 4716 1873 4790 Le-

1097 4804 1152 4904 gis
1206 4805 1407 4904 professores
1465 4837 1646 4906 nunquam
1702 4815 1872 4915 legatur.

1098 4911 1207 4981 Anno
1228 4911 1536 4988 DCCCXXVIII.
1555 4914 1763 4992 Ludovicus
1786 4921 1866 4992 Pius

1096 5008 1272 5113 Augustus
1297 5016 1446 5088 Amadeo
1471 5016 1611 5099 Cornifi,
1653 5019 1797 5186 Heliae}
1815 5013 1866 5097 dr

1720 5121 1813 5192 Wa-
