4216 6014
287 301 376 418 3s1·
552 289 964 383 nnsnnrano
995 283 1488 387 arorsrmnaarmm
1710 292 1792 414 382
1911 275 1916 282 ’

227 409 314 493 staec
340 411 464 493 scribit
489 410 534 489 de
560 412 778 514 amplificati
813 413 993 489 Mediola·
1023 421 1059 493 A
1093 412 1243 486 mirarum
1265 417 1307 486 de
1331 414 1482 487 Plumbia
1507 411 1555 494 (r
1580 411 1682 487 alium
1706 430 1744 489 aa
1768 427 1854 491 Oxu-
1968 496 1971 500 ,

227 518 385 596 nensrum
429 514 591 617 potentii
629 519 672 589 ad
710 519 857 591 Annum
893 513 992 590 MC·

228 623 385 697 varr.
413 625 558 693 Ducatus
584 612 765 715 Burgaiiae
777 667 789 699 ‚
830 620 995 691 Marabiu-

206 810 208 813 .
229 742 326 795 marus
346 722 573 812 Marrasanae,
600 721 775 794 Comitatus
796 719 924 818 seprii,
951 720 995 789 (θ’

229 824 410 895 Comitatus
436 823 611 918 Tarigiae,
650 820 699 902 (sn
724 820 925 918 Paraebiagi,
951 823 996 890 Θ

230 925 414 997 Comitatus
438 925 559 1013 Leuci,
595 923 652 1020 qui
686 948 790 994 omnes
824 922 914 1020 quast
937 924 995 992 do-

232 1026 349 1113 melliai
374 1024 497 1098 inimici
521 1031 654 1097 Terram
685 1026 776 1113 istam
798 1026 919 1119 semper
944 1023 995 1092 in-

232 1127 383 1219 vaserant
395 1178 407 1211 ,
440 1123 528 1216 fassi
554 1126 634 1217 Junr
662 1124 803 1219 Juhjea‘ii
828 1123 876 1204 &
906 1124 997 1217 serui

228 1228 373 1326 perpetui
397 1226 559 1298 Civitatis
593 1227 778 1299 Mediolani
804 1230 872 1297 &a
898 1226 996 1296 Civi-

1094 515 1150 604 la,
1178 540 1271 588 nunc
1297 512 1534 610 Domadoffala,
1561 515 1603 591 ad
1623 517 1857 596 Occidentem

1097 614 1297 692 Novariae.
1333 618 1374 687 ln
1401 618 1562 692 eumdem
1598 619 1768 695 Plumbiae
1802 625 1858 697 lo-

1096 742 1176 790 cum
1197 714 1389 817 Episcopus
1409 717 1657 805 Novaniensss,
1676 747 1769 797 nunc
1783 749 1857 798 am·
1976 722 1981 727 ’

1098 815 1270 918 plissrmus
1295 819 1329 892 S.
1358 821 1401 892 R.
1428 821 1469 892 E.
1496 816 1701 898 (iardinalis
1728 824 1857 914 Giber·

1098 938 1155 993 tus
1191 922 1432 1013 Borromeus,
1469 920 1582 997 adbuc
1618 922 1749 1000 retinet
1785 953 1858 1003 non

1098 1020 1281 1121 spirituale
1308 1023 1472 1115 tantiam,
1509 1022 1564 1099 sed
1592 1026 1627 1099 &
1654 1026 1764 1099 civile
1789 1027 1860 1103 im-

1099 1122 1270 1219 perium.
1317 1123 1480 1225 Ejusdem
1528 1124 1638 1219 ctiam
1683 1128 1862 1201 Comitatus

1096 1224 1329 1310 Plumbieafis‚
1362 1226 1399 1300 in
1428 1252 1499 1326 quo
1526 1248 1626 1302 erant
1651 1228 1740 1304 duae
1765 1226 1861 1306 Cur·

229 1349 284 1403 ras
308 1328 510 1424 Angleriae,
537 1329 581 1398 Ο·
605 1328 739 1400 Civitas
764 1327 944 1421 Brianziae
963 1326 997 1395 ia
1034 1326 1061 1394 B
1098 1343 1151 1396 tes
1178 1329 1364 1419 Barazzola
1389 1325 1428 1401 δι
1454 1334 1658 1427 Agredada,
1693 1330 1862 1408 meminit

230 1428 335 1517 molita
361 1430 490 1526 Oppida
525 1428 733 1526 rediguntur.
769 1430 824 1502 Ex
861 1426 917 1500 his
943 1453 996 1499 re·

231 1530 397 1632 gionibus
425 1531 618 1605 nonnullae
643 1526 810 1606 Comites
838 1528 997 1629 proprios

231 1631 400 1732 accepisse
436 1630 605 1708 videntur
638 1630 889 1709 tantummodo
926 1628 997 1731 poll

232 1736 381 1808 Annum
394 1731 528 1809 Christi
544 1731 802 1815 Millcsamum,
818 1758 890 1830 quo
907 1749 996 1805 tcm-

233 1859 320 1932 pore
346 1833 501 1909 crebrius
528 1833 567 1906 in
595 1834 709 1907 varias
745 1833 916 1907 sesiioncs
943 1833 996 1906 di-

234 1933 312 2008 vidi
341 1932 493 2008 Urbium
513 1931 725 2007 Comitatus
752 1933 870 2008 coeti
898 1932 997 2008 sunt.

233 2034 344 2110 Aliae
370 2038 456 2109 verb
492 2032 636 2108 vetustis
670 2034 780 2110 ctiam
816 1961 950 2108 ieculis
980 2061 999 2108 a

232 2133 303 2210 suis
338 2133 550 2211 Comitibus
585 2137 822 2237 regebantur.
859 2140 900 2210 ln
937 2160 999 2232 po·

234 2238 369 2312 stremis
398 2237 529 2311 tabulis
557 2240 799 2338 Angilbergae
824 2237 1000 2338 Augustae
1031 2222 1067 2298 C

231 2342 344 2415 Anno
371 2343 699 2415 Dcchxxvn.
727 2337 892 2439 scriptis,
918 2341 952 2412 ἃ
981 2366 999 2413 a

157 2456 160 2462 '
231 2438 392 2538 Campio
418 2441 457 2515 in
493 2444 614 2516 Tomo
651 2444 679 2514 1.
707 2440 839 2517 Histoe.
875 2443 999 2516 Eccle-

232 2538 300 2615 siae
344 2541 570 2617 Placentinae
610 2542 814 2643 evulgatis,
855 2569 999 2617 enume-

234 2661 358 2717 rantur
385 2650 499 2715 Curtes
526 2645 561 2714 im
586 2645 749 2717 Comitatus
775 2645 1000 2741 Bargarense,

235 2748 274 2815 id
306 2745 387 2838 sum
421 2752 574 2842 Brunaga
609 2746 654 2816 θ
687 2751 844 2820 Terrore.
881 2749 1000 2841 Quare

235 2852 398 2921 Dacorum
423 2847 606 2945 Burgariae
641 2846 760 2945 potius
795 2847 902 2945 quim
935 2853 997 2918 Co-

234 2948 406 3029 mirarum‚
432 2974 511 3023 eum
540 2948 767 3022 Gualraneus
794 2947 1000 3049 appellarit,

231 3046 394 3124 divinare
419 3048 563 3126 nescio.

1100 1429 1191 1498 Otto
1217 1428 1371 1525 Magnus
1399 1431 1595 1529 Imperator
1613 1433 1652 1507 in
1673 1430 1863 1532 Diploma-

1100 1543 1136 1600 te
1162 1526 1263 1600 Anni
1295 1525 1582 1607 uccccuxn.
1619 1560 1683 1632 pro
1709 1531 1862 1609 Ecclesia

1102 1626 1238 1702 Insulae
1264 1627 1385 1702 Sansli
1411 1630 1524 1721 Julii,
1560 1636 1656 1731 quod
1692 1633 1796 1709 habes
1823 1636 1861 1710 in

1101 1728 1228 1829 Episco
1254 1728 1285 1802 is
1328 1730 1637 1809 Novariensrbus.
1677 1735 1863 1836 Ejusmodi

1102 1835 1185 1905 verb
1248 1830 1443 1922 omitatus,
1477 1834 1573 1910 inter
1608 1855 1747 1912 montes
1783 1835 1862 1930 sni,

1100 1932 1276 2031 dignitate
1306 1934 1448 2010 urbanis
1483 1934 1733 2013 Comitatibus
1769 1942 1864 2013 mul-

1102 2052 1177 2107 tum
1205 2035 1469 2111 concedebant.
1505 2041 1562 2112 ac
1590 2039 1736 2139 proinde
1763 2044 1879 2116 Henr

1101 2133 1195 2209 ricus
1222 2138 1249 2206 l.
1277 2136 1454 2236 Augustus
1482 2137 1520 2212 in
1550 2140 1758 2240 Diplomate
1776 2146 1864 2235 ,An-

1100 2235 1139 2309 ni
1179 2240 1325 2310 mxlv,
1368 2264 1479 2338 nuper
1518 2260 1715 2318 memorato
1755 2246 1863 2319 Petro

1101 2336 1268 2411 autistiti
1296 2339 1503 2415 Novarienli
1539 2344 1724 2438 Oxulmsem
1755 2345 1865 2419 Comi-

1100 2458 1203 2511 rarum
1221 2438 1436 2524 concedens,
1456 2439 1570 2542 ipsum
1586 2447 1741 2543 appellat
1755 2473 1864 2544 quem·

1099 2541 1175 2611 dam
1200 2541 1451 2622 comitatulum,
1487 2544 1545 2641 qui
1570 2544 1604 2615 im
1634 2547 1725 2618 Valla
1750 2549 1864 2639 Ausu-

1099 2644 1135 2714 la
1176 2641 1262 2731 insta
1301 2640 1399 2736 iplius
1434 2644 1645 2740 Episcopatus
1680 2650 1866 2722 Parocbiam

1099 2741 1242 2836 adjacere
1275 2743 1492 2840 dignoscitur.
1527 2741 1873 2825 commemoratum·

1099 2843 1210 2915 ctiam
1251 2842 1371 2916 videas
1410 2847 1606 2919 Comirarum
1647 2852 1865 2943 Bredolemsrm

1099 2944 1182 3013 inter
1216 2947 1402 3039 Tanagrum
1437 2946 1481 3015 Θ·
1514 2949 1685 3027 storiam.
1720 2949 1760 3023 in
1797 2953 1864 3027 Di·

1102 3045 1257 3141 plomate
1284 3042 1466 3118 Ludovici
1493 3044 1560 3120 Ill.
1587 3048 1758 3149 Augusti,
1785 3055 1867 3126 An-

285 3153 334 3223 Er
360 3150 532 3252 quoniam
560 3150 705 3223 Tamaris
731 3176 861 3225 nomen
891 3175 1002 3248 nuper
1038 3136 1068 3204 D
1101 3169 1148 3216 no
1174 3140 1309 3217 Christi
1345 3146 1545 3219 DCCCCI.
1579 3151 1701 3223 Tomo
1726 3177 1763 3246 4.
1793 3156 1865 3228 lta-

231 3251 409 3334 occurrit,
431 3250 579 3324 videant
599 3251 729 3325 eruditi
750 3251 1000 3324 Mediolanen-

233 3348 308 3439 ses,
343 3375 387 3421 an
414 3346 501 3423 iliud
530 3349 686 3423 indicare
712 3348 838 3450 poffit,
874 3349 1004 3424 Comi·-

233 3465 348 3522 tarum
386 3448 477 3535 olim
515 3450 696 3546 Bargariae
738 3475 820 3524 curn
866 3449 1001 3532 fuisse,

232 3549 297 3646 qui
325 3575 419 3624 nunc
447 3552 622 3649 Viglevami
645 3553 826 3624 Comitatus
852 3550 921 3626 ost.
957 3552 998 3627 In

231 3653 341 3725 Tom.
366 3678 399 3726 a.
421 3652 549 3728 Italiae
567 3657 691 3729 Sacrae
708 3653 747 3728 in
773 3650 890 3746 Epist.
916 3655 999 3726 Par·

230 3751 404 3828 menssbus
415 3758 506 3828 Otto
523 3759 676 3853 Magnus
688 3759 797 3828 Anno
812 3756 997 3829 DCCCC·

230 3857 364 3930 Lxlx.
393 3855 526 3955 Ingoni-
561 3856 676 3929 nobili
706 3855 784 3930 viro
810 3852 999 3930 confirmat

231 3954 406 4055 quidquid
433 3959 463 4030 is
487 3957 593 4032 habet
619 3957 654 4029 in
674 3957 889 4032 Comitaribur
914 3960 1000 4029 Bul·

227 4057 651 4155 garimfi,1.aumellensi,
679 4056 888 4142 Plumbieali,
924 4060 1001 4129 Ma·
1040 4032 1070 4102 E

228 4158 411 4244 divionensi
440 4163 510 4232 &a
547 4159 697 4231 Plumbia
732 4160 783 4258 ab⁴
802 4160 999 4252 Anonymo

231 4258 343 4334 etiam
366 4263 573 4335 Rauennate
594 4277 831 4356 memoratur,
857 4258 999 4360 ejusque

232 4355 442 4437 Comitatus
495 4359 705 4439 Novariensa
757 4360 998 4438 conterminus

144 4505 161 4544 χ
232 4457 326 4534 suit.
352 4465 461 4556 Quod
488 4466 597 4540 etiam
625 4463 737 4536 discas
764 4488 782 4538 e
809 4463 999 4564 Dipsunta·

142 4582 144 4585 ·
235 4574 270 4632 te
295 4558 455 4640 Conradi
484 4571 512 4641 l.
539 4565 688 4668 Augusti
716 4569 838 4640 Tomo
857 4593 898 4662 4.
923 4566 998 4664 eju·

235 4657 331 4734 sdem
357 4662 483 4741 Italiae
508 4671 630 4743 Sacrae
656 4669 695 4742 in
715 4666 899 4769 Episcopis
920 4672 998 4742 No·

233 4760 477 4839 variensrbus.
518 4773 558 4841 In
595 4794 667 4867 quo
700 4768 899 4870 Imperator
934 4769 997 4842 ille

115 4939 120 4945 ,
232 4867 347 4940 Anno
366 4868 582 4942 Mxxvur.
602 4874 708 4945 Petro
722 4870 898 4972 Episcopo
920 4875 995 4945 No·

232 4965 382 5041 varicosi
411 4969 598 5060 concedit,
625 4969 694 5044 five
720 4972 907 5048 confirmat
935 4977 996 5043 Ca-

1102 3244 1170 3317 liae
1196 3247 1320 3317 Sacrae
1356 3243 1395 3317 in
1430 3248 1461 3317 E
1488 3244 1868 3348 iscop.Aslcns1b.Ess

1104 3347 1156 3442 jus
1183 3343 1283 3418 situm
1312 3343 1398 3420 aliis
1412 3272 1660 3447 deignandum
1678 3350 1864 3453 relinquo.

1103 3443 1379 3544 Antiquiffimus
1406 3446 1515 3520 etiarn
1536 3448 1583 3523 est
1609 3454 1787 3526 Comitatus
1806 3459 1866 3527 Se-

1099 3547 1187 3638 prii,
1213 3547 1257 3619 ab
1283 3545 1406 3621 eodem
1434 3548 1611 3650 Scriptore
1630 3571 1865 3630 memoratus.

1102 3645 1269 3722 Occurrit
1295 3645 1326 3720 is
1354 3647 1457 3723 nobis
1483 3649 1522 3723 in
1549 3650 1691 3751 aliquot
1716 3653 1866 3733 Chartis

1103 3747 1181 3822 heic
1201 3749 1400 3848 evulgatis,
1428 3775 1467 3822 ac
1491 3753 1604 3849 praeci
1632 3781 1675 3830 ue
1693 3755 1733 3832 in
1752 3757 1867 3834 Char·

1104 3851 1139 3922 tl
1164 3849 1266 3924 Anni
1303 3853 1576 3926 DCCCXLIV.
1603 3781 1694 3953 lubi
1730 3884 1867 3934 memo-

1103 3969 1201 4024 ratur
1217 3956 1247 4039 J
1249 3951 1383 4022 ohannes
1408 3957 1517 4025 Comes
1541 3957 1745 4061 Sepeimsts)
1773 3961 1868 4036 editt

1104 4052 1142 4125 in
1186 4050 1365 4125 Dissertat.
1407 4057 1469 4127 lx.
1508 4057 1549 4127 de
1588 4061 1732 4154 nnisfis.
1767 4065 1867 4136 Haec

1105 4177 1231 4356 iiiiii
1257 4172 1487 4331 n''liiiiiiiiiericia
1503 4158 1781 4332 hffitchagffi
1801 4164 1867 4335 Clin

1104 4353 1333 4430 nercienfiun
1361 4355 1480 4431 Sansli
1509 4351 1687 4433 Ambrosii
1715 4361 1868 4461 Maioris

1105 4457 1307 4531 Mediolani
1334 4481 1577 4558 pergamenam
1602 4459 1674 4559 legi
1702 4460 1866 4563 scriptam

1105 4567 1292 4658 Regnantes
1336 4559 1457 4630 Domai
1499 4585 1573 4633 vcra
1624 4564 1870 4660 excellentiffimi

1104 4664 1225 4735 Karoia
1250 4658 1297 4738 (9¹
1322 4660 1465 4756 Pippine
1489 4656 1637 4759 Rogibus
1662 4664 1713 4738 bic
1738 4666 1773 4741 io
1799 4670 1870 4742 lra-

1104 4765 1153 4837 lia
1165 4770 1305 4846 ,dano
1332 4759 1442 4860 Regni
1465 4788 1569 4835 eorum
1594 4766 1788 4866 Trigefimo,
1824 4773 1870 4839 O·

1107 4865 1259 4962 Vigefimo
1286 4865 1416 4956 Tertio,
1445 4868 1535 4941 Vlll.
1560 4866 1614 4938 aia
1639 4871 1751 4961 Mense
1769 4873 1868 4939 Mar·
1954 4932 1958 4940 .

1104 4969 1173 5055 rii,
1211 4963 1389 5037 indissiomr
1424 4966 1642 5057 Duodecim,
1678 4966 1762 5042 idest
1787 4968 1867 5040 An·
1926 5037 1933 5057 χ
2008 5040 2010 5047 ,

1769 5091 1817 5140 no
