4222 6006
283 328 362 430 367
542 307 1526 429 Aurrourrnrorrrrrr
1707 326 1792 437 368

270 430 560 519 Animadverte,
595 429 774 529 quomodo
810 428 980 503 Ecclefia-
1016 430 1051 502 A
1089 431 1136 505 est
1162 431 1264 512 finis,
1295 430 1452 531 inspeiio
1480 432 1630 532 quodam
1657 436 1850 539 Diploma·

217 529 295 606 ilici
321 532 410 605 olim
438 529 626 613 homines,
667 552 706 605 ut
741 531 912 606 firmiores
939 530 978 604 in

216 633 390 735 posterum
416 631 532 708 forent
558 633 854 707 commutationes
881 660 977 735 prae·

217 734 390 827 diorum,
417 761 456 808 ac
483 735 666 833 praecipue
693 734 870 808 Villarum
898 763 918 807 a
945 733 977 808 ie

215 835 357 927 fabiae,
393 853 553 910 curarent
579 854 618 908 ut
645 835 686 909 ad
713 863 773 910 eos
800 835 979 909 accederet

214 936 472 1038 Imperatorum
509 935 752 1010 confirmatio.
793 937 852 1010 Ad
894 936 977 1011 haec

213 1065 260 1113 ne
286 1038 474 1113 insalutata
500 1037 662 1112 dimittas
695 1039 805 1112 velim
833 1065 872 1110 ea
899 1064 977 1112 ver-

214 1142 280 1232 ba,
306 1139 368 1214 ubi
394 1140 557 1230 Roduifus
571 1139 705 1214 dicitur
723 1138 842 1213 Railor
857 1145 978 1212 Mona·

205 1238 327 1331 florii,
361 1244 444 1339 quod
467 1241 510 1328 eli
534 1240 739 1330 consimilem
765 1242 852 1313 intra
877 1268 979 1312 muros

1090 531 1521 708 {anfiuodTMargarinus
1545 535 1756 712 intimidi
1775 547 1850 640 Ca-¹

1103 660 1225 707 ines
1297 661 1380 709 omo
1409 661 1442 711 2.
1503 663 1612 712 rout
1648 664 1657 711 τ
1695 667 1848 716 rnec-

1090 734 1166 808 nim
1194 735 1346 818 constat,
1375 738 1467 811 Novi
1479 663 1768 837 Iirppellationem
1790 769 1853 816 an-

1090 833 1243 934 tiquitus
1262 839 1485 936 conjunilam
1511 839 1582 914 iere
1596 840 1743 940 ⁴semper
1769 841 1854 918 fuis-

1090 935 1123 1011 se
1159 965 1238 1011 eum
1281 938 1425 1015 Saniiae
1465 944 1579 1031 Juliae
1613 945 1854 1020 Monailerio.

1090 1043 1138 1112 Et
1165 1039 1324 1139 profesto
1350 1043 1455 1143 lo‘nge
1491 1051 1593 1118 antea
1629 1045 1734 1142 quim
1771 1049 1854 1120 Ma·

1091 1139 1261 1216 billonius
1299 1146 1460 1242 putarit,
1496 1164 1615 1219 natam
1653 1144 1752 1223 inille
1777 1149 1854 1247 eju·

1091 1239 1203 1314 smodi
1239 1243 1542 1343 appellationem,
1579 1246 1748 1348 Diploma
1786 1275 1854 1323 nu·

210 1344 372 1416 Civitatis
411 1343 571 1425 Brixiae,
611 1345 645 1414 in
685 1346 796 1414 bonore
845 1342 979 1414 Domini
1018 1348 1047 1419 B
1090 1368 1151 1435 per
1185 1369 1205 1415 a
1241 1369 1298 1417 me
1332 1345 1467 1420 editum
1487 1369 1492 1376 '
1509 1349 1652 1447 prodit.
1679 1355 1854 1445 Quamo-

103 1520 110 1536 ,
193 1445 397 1535 ,sanatoris
451 1442 547 1530 nostri
578 1443 660 1535 Jesrr
701 1442 847 1531 Christi,
897 1445 979 1538 quod

211 1549 312 1643 vulgo
350 1544 530 1641 appellatur
568 1543 797 1630 Monalierium
823 1548 978 1617 Novum.

212 1645 497 1723 Celeberrimum
525 1643 617 1732 fuit,
653 1640 692 1718 ἃ
720 1643 831 1717 adhuc
867 1645 912 1717 eil
939 1643 977 1718 in

213 1747 381 1825 Ciuitate
407 1745 575 1821 Brinniana
603 1744 856 1820 Monasterium
893 1750 977 1819 San-

214 1849 481 1926 blimonialinm
521 1847 667 1922 Saniiae
708 1846 843 1939 Iuliae,
884 1848 976 1944 quod

213 1955 253 2032 in
282 1954 452 2027 honorem
480 1949 673 2024 Salvatoris
700 1948 807 2023 nostri
834 1977 853 2023 a
882 1947 980 2022 Des-

214 2054 315 2131 derio
353 2059 471 2154 Rege,
511 2051 652 2152 ejusque
695 2053 843 2151 conjuge
885 2049 980 2123 Anio

215 2155 439 2233 aedificatum
481 2155 569 2227 luit.
610 2158 688 2252 Ego
724 2179 889 2251 quoque,
926 2170 982 2224 ut-

1091 1443 1187 1517 brem
1217 1444 1422 1546 Rodulpbus
1449 1448 1510 1522 iile
1535 1449 1654 1521 Rarior
1690 1450 1852 1539 Μωαβι-

1089 1543 1133 1615 rii
1150 1546 1260 1626 Noni,
1280 1551 1505 1623 Oeconomus
1524 1576 1564 1622 ac
1583 1549 1749 1624 Minister
1771 1571 1854 1626 tan-

1068 1645 1275 1718 mtumrnodo
1301 1646 1400 1722 suillo
1426 1648 1613 1734 censendus
1638 1651 1684 1724 eil
1707 1655 1853 1725 Coeno·

1089 1745 1141 1819 bii
1177 1745 1321 1822 Sanbiae
1356 1748 1492 1838 Iuliae.
1528 1752 1642 1849 Cujus
1677 1752 1788 1825 moris
1815 1779 1854 1826 e·

1091 1851 1272 1943 xemplum
1313 1851 1462 1923 alterum
1509 1852 1600 1922 dabo
1639 1851 1678 1925 in
1718 1853 1858 1925 Charta

1093 1946 1288 2022 Pilloriensr
1323 1948 1422 2022 Anni
1462 1938 1738 2026 DCCXLVIII.
1776 1951 1860 2026 Dii·

1093 2047 1210 2124 sertat.
1255 2054 1372 2124 va.
1411 2065 1450 2123 de
1489 2054 1752 2140 Mortaliariorum
1790 2079 1856 2125 ere-

1093 2149 1189 2223 l‘iion.
1218 2154 1471 2249 Regrediamur
1497 2153 1539 2228 ad
1567 2180 1607 2227 ea
1637 2154 1856 2252 Diplomaris

214 2279 302 2378 pote
329 2256 391 2357 qui
427 2255 532 2330 venii
568 2254 658 2328 mihi
695 2252 786 2327 fatti
825 2282 844 2327 a
880 2253 983 2327 sacris
1021 2256 1054 2327 C
1094 2252 1220 2324 verba:
1251 2255 1372 2326 Villam
1399 2276 1611 2346 nuncupatam
1639 2259 1882 2348 Reduddam‚‘

215 2363 293 2438 illis
320 2356 568 2457 nobilibusque
590 2355 801 2456 Virginibus
828 2358 985 2429 Tabula·

217 2464 311 2538 rium
349 2461 526 2534 Alceterii
562 2457 667 2557 ipsius
702 2454 860 2536 exeulii.
894 2484 986 2531 non-

218 2566 319 2636 nulla
346 2560 427 2635 inde
466 2576 630 2657 excerpta
672 2575 902 2632 monumenta
943 2558 982 2631 in

219 2663 288 2736 hoc
316 2660 392 2758 ipio
415 2665 534 2741 'Opere
561 2659 754 2754 evulgavi.
781 2661 897 2758 Hujus
925 2687 986 2732 au·

221 2782 295 2839 tem
336 2759 543 2835 Monallerii
585 2758 828 2844 fundationem
881 2760 986 2834 refert

107 2941 113 2953 x
223 2861 347 2940 Clarii
369 2917 378 2936 .
405 2860 642 2937 Mabillonius
662 2861 699 2937 in
722 2859 899 2935 Annalib.
920 2865 986 2935 Be-

221 2963 413 3041 nediblinis
439 2963 481 3038 ad
507 2967 603 3037 Ann.
627 2963 758 3038 Christi
782 2967 983 3038 DCCLIX.

221 3072 320 3144 Tum
346 3066 419 3143 ait:
459 3067 686 3154 Monalierium
712 3072 842 3139 Nouum
867 3066 986 3136 dinam

1094 2379 1173 2450 quae
1208 2353 1328 2426 dicitnr
1356 2356 1559 2452 supernomen
1586 2358 1785 2439 curticella,
1820 2357 1856 2430 ira
1975 2402 1977 2407 ·

1095 2459 1183 2552 Pago
1210 2456 1386 2541 Prrjleara.
1426 2461 1574 2533 Retinet
1598 2457 1710 2534 adhuc
1737 2457 1857 2536 cadem

1096 2557 1198 2629 Villa
1225 2559 1315 2656 apud
1352 2584 1417 2633 nos
1453 2561 1729 2659 appellationem
1766 2560 1857 2635 Reri-

1093 2661 1160 2738 aa,
1196 2659 1231 2729 ἃ
1269 2659 1421 2733 Ecclefia
1461 2660 1660 2736 Parocbiali
1696 2663 1858 2738 decorata

1094 2757 1165 2848 est,
1201 2783 1243 2830 ac
1273 2762 1518 2835 Nonantulani
1556 2763 1688 2862 Oppidi
1726 2762 1858 2840 ditioni

1096 2859 1156 2934 iub
1198 2857 1419 2934 Sereniliimo
1461 2863 1560 2935 Duce
1600 2865 1779 2939 Mutinae.
1801 2862 1860 2940 fu·

1096 2960 1189 3035 bell.
1216 2961 1505 3060 Amplitudinem
1545 2989 1687 3064 quoque
1724 2965 1861 3052 Perfice-

1093 3082 1189 3136 rarae
1217 3061 1399 3161 regionis,
1435 3060 1505 3136 srve
1531 3069 1643 3159 Pagi,
1670 3068 1774 3140 nobis
1802 3068 1861 3142 in-

220 3171 264 3261 est
289 3168 331 3244 ab
358 3170 606 3258 instauratione,
632 3196 711 3265 quae
729 3176 831 3242 Anno
855 3168 988 3239 Domini
1026 3169 1059 3237 D
1092 3161 1228 3237 dicavit
1256 3167 1332 3237 Leo
1359 3161 1572 3238 Marlicanus
1599 3165 1681 3241 Lib.
1711 3167 1860 3263 primo,

219 3271 483 3370 Oriingerrrelimo
500 3281 504 3288 '
522 3270 686 3355 Tricefimo
730 3270 854 3365 ¹Quinto
892 3267 986 3359 fat‘ia

92 3456 97 3469 ,
219 3397 426 3450 memoratur.
453 3380 504 3447 De
529 3399 562 3442 eo
589 3372 830 3468 intelligendum
855 3371 986 3442 viderur

197 3471 439 3572 ‘Necrorogium
465 3473 651 3566 «sagiense,
688 3477 722 3543 in
749 3498 808 3566 quo
832 3474 985 3544 laudatar

219 3576 436 3670 Aussreberga
460 3600 498 3642 ex
520 3572 734 3658 Moralium,
761 3574 843 3666 quod
866 3572 987 3642 dieitur

220 3682 346 3750 Nova.
388 3679 511 3768 Quum
551 3670 630 3744 heic
670 3671 875 3744 offenderim
918 3699 983 3770 ego

220 3774 416 3852 Rodulium
457 3773 623 3848 Reilorem
664 3773 855 3860 Monalierii
894 3775 985 3846 Novi

219 3877 397 3969 Brixiani,
411 3876 537 4051 irim
560 3874 703 3977 quidem
731 3873 871 3950 suborta
892 3872 982 3949 mihi

219 3978 409 4079 suspicior
446 4029 458 4061 ‚
486 3979 583 4053 aliud
609 3978 709 4054 inille
729 3977 981 4053 Monasterium

1094 3267 1183 3362 Cap.
1212 3286 1271 3358 54
1298 3263 1464 3340 Chronie.
1494 3261 1672 3340 Calineni.
1701 3264 1786 3338 haee
1815 3267 1860 3342 de

1060 3403 1063 3406 -
1095 3365 1254 3456 Johanoe
1289 3364 1432 3438 Abbate
1468 3364 1643 3439 scribens:
1686 3369 1747 3436 Hie
1785 3368 1864 3458 secie

1094 3469 1240 3540 libellam
1265 3467 1443 3540 Adeiierro
1463 3465 1538 3556 filia
1557 3467 1710 3540 Rainerii
1728 3477 1768 3538 de
1788 3477 1862 3541 Ra-

1089 3570 1183 3656 Jieiio
1210 3568 1225 3663 (
1237 3592 1329 3640 nune
1355 3567 1537 3653 Rajieiiino
1564 3587 1783 3668 nuncupatur
1800 3595 1859 3641 ea·

1094 3668 1173 3742 dem
1202 3667 1324 3751 Villa,
1359 3666 1422 3744 fita
1446 3668 1536 3744 olim
1563 3671 1598 3743 ἃ
1626 3668 1700 3769 ipla'
1725 3668 1763 3744 in
1791 3672 1856 3743 Pa-

1095 3796 1141 3869 go
1179 3768 1375 3868 Perficeto)
1401 3776 1442 3841 de
1467 3772 1768 3869 aliquorcurribur
1794 3773 1857 3842 bu·

1092 3873 1148 3964 jus
1174 3869 1364 3957 Monalierii
1391 3872 1424 3941 in
1452 3876 1614 3947 Comitarrr
1651 3872 1859 3960 Mutinensi,

1091 3972 1223 4062 fundo,
1259 3972 1315 4069 qui
1351 3972 1471 4044 dicitur
1512 3973 1695 4060 Perfieera.
1740 3977 1861 4049 Petrus

219 4081 288 4154 hoc
316 4081 358 4155 ab
385 4079 497 4153 altero
523 4079 668 4153 Sanilae
703 4082 837 4169 Juliae,
873 4082 906 4154 8(
936 4079 982 4153 il·
1026 4070 1053 4138 Ε
1097 4099 1237 4173 quoque
1275 4072 1455 4149 Diaconus
1491 4076 1575 4151 Lib.
1610 4103 1646 4172 4
1673 4080 1762 4175 Cap.
1803 4081 1863 4150 ιδ.

219 4184 280 4259 lud
308 4181 452 4284 quidem
480 4207 500 4253 a
526 4181 738 4269 Mnachis,
769 4181 835 4254 hoc
863 4201 980 4255 autern

217 4314 239 4361 a
278 4284 383 4361 sacris
424 4279 635 4385 Virginibus
685 4283 906 4378 excultum3
947 4284 980 4352 8(

218 4414 295 4463 eam
328 4385 569 4487 ‘suspicionem
617 4381 767 4481 augebat
814 4381 982 4476 Diploma

217 4489 398 4563 Ludovici
427 4491 473 4561 11.
495 4483 667 4586 Augusti,
694 4485 804 4575 Anno
828 4485 981 4559 DCCC·

218 4591 318 4662 LVI.
345 4590 453 4662 alium
479 4590 598 4660 Brixia
623 4585 771 4658 Ciuitate
780 4631 791 4664 ,
819 4582 981 4670 Marrasio-

218 4689 267 4756 ria
300 4693 418 4769 Nono,
458 4715 566 4787 quum
605 4687 801 4781 Imperator
838 4710 908 4756 non
945 4684 981 4755 ln

218 4785 465 4875 Parthenone,
481 4787 588 4859 sedin
608 4785 867 4865 Monachorum
888 4782 983 4860 Coe·

216 4888 353 4980 nobio,
388 4885 555 4963 habitaiie
592 4911 631 4957 ae
662 4887 829 4982 Diploma
856 4886 983 4958 dedriie
1036 4958 1041 4968 ,

218 4991 433 5075 uideretur.
471 4988 605 5063 Verum
645 4984 835 5089 suspicioni
871 4985 982 5062 fabius

34 5262 479 5648 χ,

1097 4176 1248 4274 ejusdem
1275 4175 1470 4259 (litonicr,
1498 4177 1620 4251 auilor
1646 4176 1691 4251 est
1708 4222 1732 4264 ,-
1747 4176 1862 4269 subje-

1098 4276 1193 4351 blum
1232 4276 1332 4350 fuisse
1360 4279 1546 4353 Coenobio
1573 4273 1743 4355 cannensi
1782 4281 1862 4346 Mo-

1098 4379 1266 4463 naiierium
1307 4379 1422 4452 santii
1460 4378 1667 4462 Benediiii,
1706 4379 1887 4467 territorio,

1098 4477 1280 4560 Mutinensi
1307 4481 1396 4557 intra
1415 4480 1501 4572 fines
1520 4482 1629 4575 fluvii
1657 4480 1788 4572 Fuscuii
1814 4477 1864 4559 ἄν

1098 4580 1213 4648 limitis
1234 4582 1494 4655 Malmeniliaci.
1522 4582 1655 4662 Curres
1682 4583 1771 4656 olim
1794 4607 1866 4656 non

1099 4679 1191 4752 vasta
1218 4685 1468 4756 tantummodo
1496 4687 1661 4773 praedia,
1688 4683 1746 4758 sed
1774 4684 1866 4758 inte·

1099 4805 1195 4877 grum
1225 4783 1359 4852 Villam
1390 4768 1739 4884 fignifieabant.¹·ld
1768 4784 1863 4884 saepe

1100 4880 1227 4971 innui,
1271 4901 1375 4979 atque
1411 4886 1497 4959 alibi
1537 4888 1697 4988 antiquis
1735 4885 1864 4961 tabulis

1099 4983 1333 5062 confirmavi.
1371 4988 1472 5064 Haec
1508 5008 1626 5067 autent
1664 4987 1785 5065 omnia
1820 4982 1862 5061 in

1687 5087 1812 5169 eodem
