4216 6014
307 354 360 469 35
576 349 1015 467 Anrtaurr.
1061 349 1579 438 attrntrnurrw
1764 370 1820 470 36

247 522 273 562 „
297 497 364 544 nec
391 471 435 546 cle
467 495 587 546 eorum
615 467 746 544 oribus
779 496 843 568 pro
873 468 1007 558 pascuis

248 625 275 662 „
301 571 553 648 discurentibue
582 569 773 643 Pontatico
802 596 866 644 nec
893 576 1008 672 Agra-

175 725 177 733 ψ
248 725 273 763 ,,
301 673 355 748 rio
380 700 450 746 non
473 671 667 754 exaslctis,
693 669 749 744 sed
775 697 840 746 nec
862 672 905 747 ad
932 701 1008 750 am·

247 827 274 866 „
301 775 490 850 bulandum
506 789 566 846 aut
585 772 832 848 revertendum
852 801 914 873 pro
933 775 1008 878 ipsa

88 962 91 966 ,
246 874 421 973 „pascua
456 874 507 949 eie
534 873 820 949 contrarietatem
857 902 929 950 non
954 875 1006 951 sa·

246 1029 272 1068 „
300 976 428 1055 cistis.
464 975 527 1050 nifi
558 974 645 1050 ficut
670 975 708 1049 in
737 976 848 1051 noslra
874 980 1008 1053 elemo-

245 1130 271 1172 „
298 1077 381 1151 srna·
404 1076 519 1176 ipsum
556 1075 763 1153 beneficium
792 1078 835 1155 ad
873 1081 1009 1177 praedi·

244 1232 270 1272 „
295 1179 352 1256 lla
386 1178 540 1256 Ecclefia
575 1179 824 1268 concessimus,
860 1181 913 1256 ita
949 1184 1010 1256 ab·

242 1280 379 1380 „sque
419 1284 528 1358 ullius
565 1282 779 1376 repetitione
817 1283 939 1358 nostris
974 1286 1009 1356 δι
1061 1325 1064 1332 ·

244 1435 271 1478 ,,
298 1381 430 1461 suturis
459 1384 680 1483 temporibus
704 1383 748 1460 ad
785 1382 898 1484 ipsum
927 1387 1010 1458 Mo·

246 1538 274 1580 „
299 1485 486 1561 naslerium
514 1484 742 1580 perderetur.
776 1489 824 1558 Et
853 1504 892 1559 ut
924 1485 1009 1560 haec

247 1601 275 1680 ,',
301 1586 659 1664 sonoritas-firmior
680 1587 868 1668 habeatur,
892 1590 950 1660 rel
971 1586 1009 1661 in

245 1740 272 1782 „
298 1707 403 1764 antea
439 1688 565 1766 melius
597 1688 843 1776 conservetur,
878 1684 922 1758 de
947 1713 1010 1759 an-

245 1843 271 1882 „
300 1792 387 1865 nulo
411 1791 527 1867 nostro
549 1790 675 1867 subtus
701 1787 855 1893 sigillare
878 1784 1011 1862 studui·

208 1933 210 1937 ·
243 1917 397 1984 „,mus.
526 1938 528 1943 <

1170 464 1196 558 „
1222 468 1369 567 Signum
1399 473 1642 547 carlomanno
1677 469 1882 572 gloriofiffi'·

1120 595 1233 664 „mo
1261 575 1375 671 Rege.

1171 725 1197 764 „
1223 671 1445 773 Moginarius
1471 673 1683 773 recognovi.
1835 681 1837 685 ’

1170 827 1196 865 ,,
1226 777 1315 847 Data
1341 774 1379 848 in
1406 775 1528 849 Mense
1548 774 1715 849 Oilobris
1741 774 1779 849 in
1802 777 1883 848 An-

1119 898 1219 964 „no
1256 876 1377 949 Primo
1402 878 1643 952 Carlornanno
1677 875 1883 976 gloriosrffi·

1121 1001 1233 1067 „mo
1261 980 1377 1078 Rege.

1170 1131 1197 1168 „
1224 1077 1357 1152 Actum
1372 1079 1640 1173 Codrnoniaco,
1656 1077 1805 1154 Palatio
1816 1106 1884 1180 pu·

1119 1231 1144 1270 „
1171 1179 1290 1269 blico,
1316 1180 1356 1255 in
1385 1181 1453 1255 Dei
1478 1181 1626 1256 nomine
1650 1180 1829 1255 feliciter.

1169 1282 1338 1356 Alterum
1372 1279 1526 1381 ejusdem
1563 1284 1670 1401 Regis
1709 1283 1883 1380 Diploma

1093 1379 1243 1462 'addere
1267 1383 1347 1458 heic
1383 1383 1505 1483 iurat,
1531 1411 1605 1557 pro
1638 1383 1714 1482 ipso
1749 1387 1883 1457 Mona-

1118 1481 1219 1556 sterio
1239 1483 1505 1567 Noraliciensr,
1545 1488 1587 1560 ed
1612 1485 1786 1561 erroribus
1805 1485 1883 1560 soe·-

1118 1581 1239 1656 dotum
1267 1585 1490 1678 innumeris,
1519 1611 1608 1683 quos
1638 1589 1678 1661 in
1705 1586 1885 1664 vetustum

1118 1682 1367 1782 descriptorem
1403 1686 1617 1786 rejiciendos
1644 1687 1883 1786 unusquisque

1119 1782 1327 1862 fatebitur.
1375 1791 1454 1890 Ego
1505 1786 1601 1862 nihil
1646 1788 1884 1867 immutatum

1120 1888 1247 1969 uolui.
1518 1933 1521 1938 ·

274 2121 462 2241 Ejusdem
484 2123 746 2239 carlomanni
777 2107 1019 2218 Frincorum
1050 2126 1173 2241 Regis
1204 2121 1418 2242 Diploma,
1447 2149 1517 2237 per
1543 2119 1651 2239 quod
1672 2120 1854 2214 Alinario
1934 2175 1937 2180 ’

363 2240 514 2333 Abbati
546 2246 777 2334 Monallerii
809 2249 1092 2337 Novalicienfic
1121 2244 1422 2350 immunitates,
1449 2240 1557 2352 jura,
1585 2269 1632 2329 ac
1662 2242 1767 2330 bono
1903 2322 1905 2326 ,

501 2418 503 2423 -
536 2389 716 2480 quaeque
743 2367 978 2456 confirmat.
1011 2375 1133 2457 Anno
1161 2368 1237 2454 Clu
1269 2378 1368 2479 769.
1396 2382 1466 2447 aut
1498 2390 1599 2474 770.

349 2606 584 2683 Arlomannuc
599 2611 711 2708 gratia
727 2614 792 2685 Dei
807 2619 882 2690 Rex
899 2621 1006 2690 Fran·
1033 2622 1081 2696 'C
1115 2614 1174 2708 stu
1197 2633 1361 2684 ceterorum
1385 2607 1576 2684 sanderum
1596 2610 1755 2696 Parrum,
1777 2603 1884 2694 pms·

369 2733 513 2800 corum,
541 2714 600 2782 Vir
623 2712 776 2802 illustris.
802 2725 953 2812 opportet
975 2747 1009 2789 e·

160 2888 164 2895 .
247 2809 316 2877 uim
342 2809 524 2883 clementiae
549 2815 695 2908 Regale,
721 2836 759 2887 ut
784 2816 1008 2914 intercesserunt

245 2909 412 2999 petitionis
445 2913 667 2986 Sacerdotibus
700 2918 812 2992 debeat
846 2917 1007 3018 begnigno

247 3014 441 3085 accomodare
472 3041 606 3106 autent,
641 3036 680 3087 ut
711 3022 795 3116 quod
824 3041 882 3117 pro
915 3023 1009 3093 tirno-

247 3134 311 3182 renr
336 3115 451 3186 diuini
475 3118 611 3190 nominis
636 3117 838 3213 postulatur,
870 3145 1009 3215 penattn

243 3215 353 3310 procul
376 3215 511 3289 dubium
534 3222 581 3295 ad
613 3220 778 3314 effessum,
813 3246 850 3295 ut
877 3223 946 3317 siat
971 3225 1008 3296 in

246 3320 411 3391 mercedem
449 3318 655 3412 conjuniiio,
696 3323 774 3395 dum
811 3345 867 3419 pro
905 3328 1028 3423 quiete-

241 3415 407 3506 Jervorutn
434 3422 497 3488 D'ei
524 3446 660 3514 congnta
685 3425 893 3512 praestolatur
922 3429 1008 3522 peti·

1115 2720 1151 2811 Je
1183 2712 1403 2810 dignoscitur,
1441 2707 1532 2803 miffa
1563 2706 1717 2798 petitione
1748 2703 1883 2777 elenen·

1120 2819 1187 2890 tiae
1212 2813 1331 2907 nolite,
1354 2834 1414 2906 pte
1437 2812 1573 2910 quietern
1606 2806 1742 2902 ipsorum
1768 2805 1883 2898 senoo-
1958 2818 1961 2824 “

1123 2947 1192 2991 rum
1226 2917 1316 2997 Dei,
1350 2912 1595 3012 praeceptionem
1626 2908 1752 3005 erigeris
1787 2905 1884 2991 nollri

1119 3019 1244 3114 placuit
1264 3020 1462 3115 propalate;
1474 3014 1537 3106 suu
1559 3037 1618 3110 quo
1644 3006 1883 3106 tranquilitatis

1122 3122 1253 3210 ordina,
1280 3119 1416 3191 Domino
1438 3135 1616 3212 protegente
1643 3112 1704 3209 ipſs
1729 3107 1886 3183 Monacbi

1120 3223 1219 3319 juxta
1254 3220 1438 3319 Religionis
1472 3242 1615 3290 normam
1645 3213 1789 3310 perpetui
1818 3237 1887 3284 ua-

1113 3322 1212 3399 ¹learnt
1235 3323 1388 3410 residere,
1411 3319 1584 3417 elegimus,
1609 3339 1646 3388 ut
1670 3316 1765 3386 unica
1784 3312 1884 3427 peries

1121 3431 1235 3499 debeat
1267 3425 1392 3521 plenius
1416 3423 1600 3496 declarare,
1633 3416 1711 3507 qnia
1735 3415 1820 3481 nibil
1844 3415 1888 3486 de

185 3520 187 3522 ’
248 3515 317 3603 tio,
343 3517 422 3612 quia
444 3515 531 3608 fides
545 3576 548 3581 .
562 3516 710 3615 prestio,
726 3550 787 3594 nore
812 3525 941 3599 dubitat
965 3531 1010 3602 ad
1052 3528 1087 3598 l)
1125 3527 1286 3599 canonica
1312 3520 1515 3607 institutione
1536 3511 1753 3599 convellitur,
1774 3512 1888 3607 'quid-

118 3660 128 3681 .
249 3617 414 3709 Atiffinti
447 3620 590 3716 gratiam
627 3623 811 3714 pertinere,
845 3629 929 3722 quod
957 3629 1009 3720 se·

114 3729 120 3738 ‘
250 3722 387 3790 cundum
415 3720 505 3812 fecto
528 3723 678 3819 colloquio
698 3726 861 3820 praecipui
885 3730 930 3801 ad
952 3732 1009 3802 do·

250 3797 382 3905 mesltiic
409 3819 496 3914 fidei
518 3826 637 3896 devota
660 3847 762 3900 mente
796 3830 1010 3921 impenditur,

44 3883 50 3921 ·.
120 3986 123 3990 ,
250 3922 327 4015 quia
345 3923 501 4014 scripturi
524 3930 594 4013 eli:
619 3927 721 4003 Beati
747 3956 913 4032 pauperes
939 3931 1010 4033 spi·

250 4019 323 4095 ritu
334 4072 348 4105 ,
383 4025 552 4120 quoniam
588 4026 741 4127 ipsorum
768 4033 814 4108 eil
850 4038 1011 4132 Regnum

251 4125 445 4201 Coelorum
461 4132 474 4200 .
506 4132 596 4311 Ergo
627 4134 705 4202 dnm
729 4131 777 4211 &⁶
803 4136 910 4211 Abeo
944 4165 1012 4210 una

175 4249 178 4253 ·
248 4251 319 4297 curn
358 4228 502 4312 consensu
627 4235 820 4307 adiutorium
855 4239 1030 4314 Vescuni·

250 4327 446 4429 Episcopi,
481 4331 695 4408 Monallerio
730 4337 765 4408 in
798 4340 910 4411 bonote
934 4338 1011 4414 bea·

250 4446 351 4501 toruns
375 4433 598 4527 Apostolorum
634 4438 726 4509 Petri
759 4440 805 4511 0·
829 4444 1010 4533 Andreae,

244 4528 304 4624 fin
328 4546 491 4608 coetorum
524 4539 735 4622 senserunt,
770 4545 805 4614 in
839 4543 902 4616 loco
927 4571 1010 4616 nun·

79 4752 87 4771 1
116 4719 120 4725 ¹
250 4653 386 4730 rupante
423 4639 611 4714 Noualicis
637 4641 674 4714 in
703 4645 810 4720 Valle
835 4643 1013 4742 Sigufina,

252 4733 289 4806 in
312 4736 517 4830 proprietatis
536 4741 616 4831 suae
639 4744 706 4829 uisi
736 4744 811 4834 frent
835 4743 1015 4838 edificasse,

228 4898 236 4936 ·.
253 4838 315 4910 ull·
333 4839 381 4909 ad
409 4838 556 4932 praeti'nc
587 4847 783 4918 venerabilis
806 4848 863 4920 vir
889 4845 1016 4921 Asina·

251 4938 326 5017 rius
340 4941 469 5014 Albas
492 4971 558 5016 una
582 4971 651 5016 cunr
666 4950 917 5047 congregatione
935 4939 1013 5021 Mo-

178 5097 180 5103 ·
234 5045 419 5123 rodmunt
436 5045 506 5141 sul·
524 5050 656 5147 Regulo
677 5049 796 5126 lensii
820 5049 1014 5142 ueremi,

1124 3629 1203 3727 quid
1227 3629 1272 3699 ad
1296 3619 1466 3711 doneliicis
1482 3614 1567 3711 fidei
1589 3635 1650 3706 pro
1673 3613 1888 3708 tranquilita-

1123 3730 1169 3804 tis
1203 3749 1279 3824 pace
1316 3723 1519 3809 concidetur,
1559 3741 1600 3788 rte
1636 3711 1726 3786 nobis
1764 3715 1887 3810 aliquis

1123 3830 1349 3904 detrabendum
1381 3823 1503 3914 eslimet
1535 3818 1571 3891 in
1605 3818 1642 3888 id
1671 3843 1757 3887 nove
1781 3821 1886 3888 decer-

1124 3958 1197 4005 nete
1233 3929 1411 4018 carmina,
1449 3927 1527 3996 dunt
1565 3919 1745 4016 antiquitus
1786 3914 1887 4007 jueta

1123 4032 1371 4122 constitutionem
1412 4021 1601 4116 Pontificum
1639 4043 1699 4113 per
1730 4017 1889 4114 Regalenr

1117 4132 1315 4232 [andanem
1334 4128 1530 4214 Munalleria
1545 4122 1735 4197 Saniorum
1761 4121 1797 4190 ie
1815 4126 1888 4190 Re-

1119 4266 1185 4337 gno
1209 4240 1310 4324 nolito
1332 4232 1390 4318 {ub
1412 4227 1572 4303 ‘libertatis
1597 4222 1805 4318 privilegium
1825 4218 1886 4291 vi·

1121 4344 1238 4413 dentur
1261 4334 1437 4423 tonillere,
1450 4335 1560 4401 'etiarn
1579 4329 1624 4398 θ
1648 4325 1703 4412 ille
1722 4327 1766 4397 ad
1788 4347 1887 4420 prae·

1052 4442 1083 4515 E
1116 4434 1194 4537 fens
1206 4440 1224 4522 ,¹
1253 4440 1435 4529 adjuvante
1460 4435 1619 4508 Domino,
1651 4432 1763 4496 valeat
1788 4421 1888 4508 eonsi-

1117 4545 1223 4631 stere.
1250 4547 1300 4613 Et
1323 4561 1360 4612 ut
1385 4537 1505 4624 adsolet
1528 4534 1668 4603 bumana
1688 4527 1888 4619 fragilitas,

1126 4637 1377 4739 quandoquidem
1402 4640 1566 4713 ,Abbatens
1590 4632 1630 4700 de
1666 4627 1733 4722 ipso
1767 4629 1891 4697 Mona.

1117 4746 1214 4834 ,lesia
1236 4747 1277 4818 dc
1301 4746 1359 4816 bac
1382 4744 1451 4814 luce
1471 4735 1632 4828 <Dominus
1656 4728 1793 4824 rnigrare
1815 4725 1890 4821 ius.

1119 4848 1224 4940 serit,
1258 4845 1351 4938 cujus
1371 4848 1414 4913 de
1449 4838 1521 4933 ipsa
1544 4832 1794 4932 congregatione
1819 4857 1893 4902 nra·

1124 4952 1208 5022 airne
1241 4964 1427 5040 compertum
1463 4941 1611 5037 Reguiae
1635 4937 1683 5019 ῤ’
1708 4937 1798 5006 vitae
1823 4955 1891 5000 nte·

1126 5052 1202 5125 ciris
1225 5063 1444 5148 congruentem
1478 5043 1550 5144 ipsa
1583 5035 1797 5149 congregatio·
1826 5033 1893 5104 ele-

1727 5154 1835 5236 gent,
