4216 6014
291 340 373 430 505
572 307 944 401 mssnmnmo
975 297 1538 400 urensrnnsmvnnn.
1738 333 1821 432 506

277 574 492 669 Methiidis
522 578 755 698 Comitiiioe
786 582 825 666 δι
856 578 1035 669 Duciiite
1064 577 1230 687 donatio
1259 575 1361 663 faiis
1394 577 1640 669 Monasterio
1670 587 1709 671 S.
1741 588 1836 672 Pm-

537 698 633 817 iperi
665 700 893 813 Regienns,
923 727 1027 788 nunc
1056 700 1096 784 S.
1127 695 1255 807 Petri,
1286 703 1410 783 Anno
1445 703 1571 784 1080.

278 938 317 1008 N
337 932 461 1007 nomine
485 933 705 1030 Saniiiffimae
730 935 778 1017 ἐρ’
803 935 998 1008 individuae
1023 938 1071 1008 Ἀ
1113 958 1181 1004 cum
1215 935 1374 1027 acceffione
1399 931 1447 1015 dr·
1475 931 1655 1032 ingress'ares
1680 987 1879 1016 ......

209 1081 215 1087 -
296 1036 490 1110 Trinitatis.
508 1044 612 1111 Anno
629 1044 671 1112 ab
692 1040 911 1111 incarnatione
926 1041 996 1110 Do·
1112 1037 1218 1104 oribus
1245 1037 1396 1117 illarum,
1432 1032 1478 1115 Θ
1505 1038 1643 1134 quainter
1660 1038 1807 1134 superius
1832 1044 1881 1112 ie-

229 1137 314 1209 mini
337 1138 433 1226 nostm
446 1138 530 1230 Jesu
548 1139 668 1223 Cbrilii
686 1138 860 1222 Miliefims
880 1139 996 1212 octea-
1108 1135 1202 1230 gitur
1226 1135 1261 1207 in
1297 1138 1455 1234 integrum
1480 1142 1523 1212 ah
1546 1138 1683 1212 hoodie
1711 1141 1747 1210 in
1778 1150 1883 1213 eadem

226 1240 368 1336 gelimo,
402 1242 457 1311 die
485 1245 542 1312 iX.
572 1239 684 1325 mensis
710 1242 910 1322 Decembris,
939 1245 996 1313 in·
1113 1239 1307 1321 Monalierio
1328 1253 1410 1311 dono
1435 1241 1478 1310 θ
1500 1239 1615 1333 offero,
1639 1239 1687 1320 (n
1707 1263 1764 1337 prr
1786 1262 1882 1333 prae·

228 1340 370 1413 dibiione
396 1344 459 1414 iii.
490 1342 684 1428 Monasierio
712 1340 829 1418 Saniii
854 1343 998 1439 Prosperi
1107 1336 1228 1428 sentem
1263 1344 1432 1414 Cartalam
1471 1341 1644 1438 offersionis
1681 1342 1799 1416 ibidem
1836 1345 1882 1417 ad

227 1439 289 1532 fito
309 1440 391 1531 soris
412 1443 457 1513 θ
478 1466 574 1540 prope
599 1445 747 1517 civitate
771 1444 932 1541 Regense,
958 1469 998 1514 u-
1113 1440 1290 1511 habtrsdum
1315 1439 1481 1533 confirmo,
1501 1442 1586 1529 ficut
1605 1444 1728 1537 supra,
1753 1441 1801 1524 (θ’
1824 1467 1882 1541 prs

231 1541 267 1616 bi
293 1547 456 1618 Domnus
482 1544 701 1620 Giielbertus
730 1547 850 1620 Abbas
875 1546 999 1642 praees·
1111 1541 1239 1612 animae
1264 1569 1351 1612 meae
1374 1546 1558 1619 mercedem.
1596 1547 1725 1644 Insuper
1750 1546 1881 1621 cultel-

224 1644 760 1743 sevidetur.1Egoquidemin
786 1648 851 1721 Dei
876 1647 1000 1719 nomine
1113 1642 1226 1733 lum,
1277 1641 1432 1717 fistucam
1484 1645 1691 1727 nodatum,
1741 1666 1882 1723 wanto·
2017 1638 2021 1647 ⁸

231 1743 396 1821 Matelda
435 1744 661 1830 Comitiisa,
701 1746 777 1823 filia
845 1747 998 1823 nondam
1113 1769 1221 1823 nem,
1250 1740 1289 1818 ἃ
1316 1743 1494 1820 wasconem
1523 1765 1656 1837 terroe,
1692 1764 1799 1843 utque
1825 1775 1881 1820 sa·

231 1844 418 1920 Bonefacii
439 1848 628 1930 Marchio,
648 1875 738 1947 quae
757 1775 902 1946 proieffa
924 1847 998 1923 sum
1036 1839 1066 1912 B
1114 1871 1174 1917 mo
1195 1845 1350 1929 arboris,
1370 1873 1488 1920 coram
1512 1847 1654 1923 testibus
1676 1848 1880 1948 legitimam

235 1974 280 2021 ex
305 1947 463 2022 Natione
486 1974 563 2022 mea
581 1953 680 2047 Lege
699 1951 821 2025 uivere
840 1949 1001 2032 salichu,
1024 1945 1029 2040 Ι
1114 1944 1209 2019 facio
1234 1947 1469 2023 tradicionem
1496 1952 1530 2023 ἃ
1558 1948 1824 2031 investituram,
1845 1951 1880 2023 δε

232 2048 378 2146 effererise
412 2048 460 2129 (r
485 2051 635 2123 donatrix
666 2051 762 2148 ipfius
791 2049 1028 2140 Menarierii,'
1083 2007 1172 2120 ime
1197 2049 1326 2125 exinde
1352 2049 1439 2125 ioris
1465 2051 1611 2150 expuli,
1637 2054 1812 2152 warpiui,
1840 2048 1880 2126 δι

228 2149 377 2249 praesens
405 2150 621 2246 praebentibus
645 2155 719 2224 dixi
730 2180 747 2227 .·
781 2153 938 2250 Quisquis
964 2155 998 2224 in
1115 2146 1293 2223 absentem
1321 2149 1413 2234 ieci,
1448 2155 1493 2224 0
1517 2156 1564 2227 ad
1594 2176 1717 2251 partem
1749 2157 1881 2251 praedi·

226 2249 374 2346 senilis,
398 2279 435 2325 ac
458 2252 492 2323 in
515 2253 755 2328 venerabilibus
777 2257 853 2328 iocis
876 2283 914 2326 eu
934 2254 1001 2343 [uis
1114 2249 1159 2321 iii
1179 2254 1371 2339 Monalierii
1395 2256 1576 2327 babendum
1602 2256 1718 2353 reliqui
1724 2283 1747 2344 ,·
1773 2258 1881 2328 itaut

226 2354 361 2448 aisquid
386 2355 553 2426 contulerit
587 2353 705 2440 rebus,
742 2355 837 2446 iuxta
864 2357 1000 2430 Aiioris
1110 2351 1212 2441 [aciat
1244 2353 1444 2450 praediiium
1475 2355 1705 2444 Monalierium
1738 2356 1882 2454 proprie·

229 2481 337 2528 vocem
364 2458 398 2527 in
424 2471 478 2528 ooo
502 2456 613 2529 Secuio
641 2462 819 2553 centuplum
847 2459 998 2555 accipiet,
1113 2454 1198 2525 tario
1237 2457 1390 2544 nomine,
1428 2457 1512 2545 ficut
1544 2458 1688 2556 superius
1732 2459 1880 2555 iegitur,

233 2553 282 2636 &²
309 2555 435 2652 insuper
460 2562 542 2652 quod
568 2559 679 2630 melius
704 2561 772 2646 eli,
797 2561 902 2635 vitam
927 2561 999 2652 pas·
1113 2556 1263 2652 quicquid
1286 2559 1425 2630 voluerit
1443 2559 1516 2643 fine
1540 2560 1625 2632 omni
1650 2585 1718 2632 mea
1743 2587 1780 2633 ac
1804 2561 1881 2631 hae·

226 2655 350 2744 ,sedebit
374 2678 553 2732 aeternam.
585 2664 716 2754 ideoque
740 2689 796 2757 ego
821 2689 879 2751 que
900 2663 1001 2754 supra
1114 2664 1222 2728 redum
1255 2664 1299 2730 (9
1331 2661 1555 2754 prohaeredum
1588 2686 1722 2734 meorum
1757 2681 1881 2735 contra-

235 2759 389 2832 Mateida
407 2761 585 2854 Cometipsa
606 2763 686 2834 dono
709 2763 753 2835 Θ
775 2763 869 2858 offero
891 2764 926 2835 in
949 2791 1000 2836 eo·
1038 2738 1073 2816 C
1112 2758 1254 2831 diiiione
1287 2762 1343 2832 vet
1377 2763 1578 2854 repetitione.
1613 2766 1654 2836 Si
1687 2762 1759 2860 quis
1784 2788 1881 2847 vero,

232 2862 304 2937 dem
333 2860 448 2953 saniir
474 2861 668 2951 Monasterio
700 2893 723 2938 a
755 2866 892 2958 presenti
926 2866 1002 2956 die,
1114 2863 1198 2954 quod
1217 2861 1360 2946 {uturum
1382 2861 1440 2955 effe
1465 2891 1525 2936 nan
1549 2868 1658 2952 credo,
1678 2863 1714 2950 st
1735 2891 1790 2962 ego
1813 2864 1883 2961 ipsa

235 2965 290 3035 boc
315 2968 358 3048 eli
381 2965 481 3055 peties
506 2971 589 3037 duae
614 2974 654 3035 de
679 2987 789 3057 terra,
824 2993 889 3038 una
913 2967 1004 3037 iabo-
1116 2960 1288 3051 Matiida,
1310 2969 1395 3057 quod
1417 2963 1520 3047 abfit,
1546 2984 1606 3036 aut
1629 2965 1714 3034 uiius
1740 2972 1780 3035 de
1798 2962 1882 3037 'bae-

236 3065 380 3154 ratoria,
408 3068 452 3135 O·
477 3067 580 3138 aitera
606 3067 762 3161 prativa,
791 3094 871 3163 quae
898 3066 1004 3158 prati·
1115 3061 1242 3132 nedibus
1260 3089 1297 3134 ac
1318 3063 1560 3156 prohaeredibus
1578 3065 1654 3135 meis
1673 3083 1780 3134 contra
1801 3066 1883 3137 hanc

235 3191 283 3239 va
308 3164 475 3237 dividitur
500 3167 664 3249 inanibus
697 3172 843 3264 partibus
869 3190 926 3264 pro
951 3166 1003 3238 ni·
1116 3167 1285 3232 Cartuiam
1319 3162 1491 3259 offersionis
1525 3166 1571 3234 ire
1599 3166 1783 3260 quandoque
1810 3186 1882 3235 ten-

235 3267 303 3338 rnia
328 3268 530 3338 abundantia
563 3293 717 3361 aquarum
730 3294 747 3336 .·
780 3294 860 3365 quas
894 3270 1006 3339 babere
1115 3263 1318 3351 tacuerimus,
1353 3285 1411 3336 aut
1436 3290 1505 3336 eant
1537 3286 1596 3354 per
1618 3264 1755 3361 quodvis
1790 3263 1882 3360 inge-

235 3365 311 3455 visa
333 3364 403 3451 sum
432 3366 466 3435 in
497 3365 560 3436 ioco
585 3364 632 3444 ῤ’
652 3367 777 3457 fundo,
807 3367 1007 3440 ubidicitur
1116 3365 1204 3435 nium
1231 3365 1404 3461 infringere
1428 3364 1673 3462 quaesierimus:
1696 3385 1772 3437 tuno
1797 3365 1883 3456 infe·

237 3465 376 3550 Calidio
409 3465 588 3555 Guaiteri,·
622 3465 670 3545 &¹
704 3467 779 3553 [unt
813 3468 878 3565 ipse
909 3469 1007 3561 peries
1115 3490 1222 3538 ramus
1255 3469 1299 3538 ad
1332 3467 1424 3538 iliam
1456 3489 1613 3564 partem,
1647 3488 1753 3542 contra
1786 3491 1883 3564 quam

237 3569 277 3640 de
302 3587 387 3639 tersa
409 3588 467 3662 per
491 3570 667 3654 mensuram
688 3568 809 3662 juliam
832 3568 925 3670 juges
950 3571 1006 3641 vi·
1090 3567 1206 3651 ‚iiim
1232 3567 1454 3649 inmittimus,
1484 3567 1624 3651 miffar
1649 3576 1732 3665 Μ
1757 3566 1801 3655 'ss
1823 3590 1883 3664 β·

233 3667 325 3767 giuti
348 3668 393 3738 h
413 3694 544 3741 navem.
571 3672 669 3742 Finis
693 3688 737 3744 aa
758 3670 923 3768 praediiia
942 3694 1006 3743 ter·
1048 3651 1082 3720 D
1117 3692 1160 3739 na
1185 3667 1258 3740 auri
1281 3669 1395 3766 optimi
1419 3672 1529 3743 uncias
1563 3693 1718 3768 quatuor,
1753 3670 1881 3766 argenti
1990 3666 1994 3673 ⁴

237 3796 277 3843 ra
300 3769 436 3863 prativa
460 3799 481 3842 a
517 3773 645 3841 meridie
680 3774 824 3844 haeredes
849 3776 1008 3870 quondam
1114 3771 1255 3860 pondera
1294 3769 1384 3852 otto,
1429 3769 1477 3848 (n
1517 3787 1598 3866 quod
1637 3771 1883 3867 repetierimus,
1914 3803 1918 3811 ·

238 3869 400 3962 Ganduifi
410 3927 420 3956 ,
456 3900 478 3943 a
503 3899 594 3943 mane
620 3869 668 3951 &⁴
694 3881 733 3946 de
755 3873 846 3964 luber
877 3875 1008 3971 praedi·
1119 3870 1285 3943 vindicare
1322 3896 1383 3940 non
1416 3872 1613 3953 valeamus,
1649 3874 1708 3963 led
1738 3872 1885 3966 praesens
1985 3899 1988 3903 ’

238 3971 294 4048 da
320 3980 417 4044 Curte
442 3975 482 4042 de
507 3973 617 4058 Caliro
642 3978 813 4062 Guaiteri,
847 3979 893 4050 ad
916 3976 1010 4066 [uper
1119 3979 1194 4043 haec
1218 3970 1356 4041 Cartuia
1381 3968 1552 4064 offersionis
1576 3972 1740 4049 diuturnis
1765 3995 1884 4072 tempu·

234 4094 294 4175 per
319 4093 419 4145 tetam
444 4100 465 4143 a
487 4073 560 4165 sera
588 4075 756 4163 funditur.
796 4081 874 4148 item
900 4106 921 4147 a
946 4105 1010 4146 me·
1118 4072 1207 4141 ribus
1233 4068 1335 4161 firma
1369 4094 1495 4143 maneat
1530 4095 1623 4172 atque
1656 4072 1798 4172 ptrstliat
1831 4076 1885 4147 irr-

241 4176 326 4248 ridie
351 4177 482 4249 Comes
521 4173 699 4250 Ubettus:
738 4176 839 4263 &si
866 4204 946 4275 quae
971 4207 1009 4250 a·
1119 4174 1270 4264 convulsa
1294 4198 1348 4243 con
1372 4172 1582 4269 liipuiatr'ene
1610 4176 1774 4268 subnixa.
1812 4181 1885 4271 Ego

243 4277 311 4348 liae
343 4277 421 4369 sunt
446 4280 672 4352 cohaerentias.
710 4282 786 4349 item
814 4277 848 4365 li
873 4278 1012 4373 ampiius
1119 4297 1199 4370 quae
1229 4275 1328 4370 [upra
1361 4272 1527 4368 Comitiffa
1555 4280 1728 4355 Matiida,
1764 4277 1885 4370 meique

244 4378 413 4450 inventum
444 4378 545 4468 suerit
571 4381 612 4451 de
642 4377 820 4472 praediblis
852 4382 950 4478 petiis
975 4382 1045 4523 de.
1119 4374 1286 4459 haeredes,
1310 4404 1347 4449 ac
1363 4377 1562 4472 prohaeredes
1584 4376 1671 4472 pa'rtr'
1690 4373 1787 4473 ipsius
1806 4380 1885 4447 Mo-

244 4496 330 4551 terra
365 4477 560 4554 laboratorio
595 4482 639 4551 0¹
662 4481 820 4573 prmissa,
855 4485 937 4579 quud
970 4484 1026 4554 ad
1121 4475 1270 4562 nolierii,
1293 4474 1376 4562 sicut
1395 4479 1540 4572 superius
1565 4479 1703 4576 iegitur,
1738 4478 1773 4549 in
1802 4478 1885 4548 iute-

247 4603 348 4651 meum
381 4579 437 4672 ius
473 4580 700 4678 pertinurffet,
737 4609 816 4681 quae
849 4606 886 4655 ut
921 4588 1015 4673 [upra
1055 4556 1085 4627 E
1117 4605 1211 4675 grum
1239 4582 1281 4652 ab
1306 4579 1391 4650 omni
1423 4579 1545 4650 homine
1572 4580 1753 4673 defensare.
1787 4579 1887 4676 Quod

248 4681 424 4768 mensuro,
458 4681 506 4763 (θ’
541 4687 649 4758 omnia
676 4738 686 4758 .
712 4739 722 4756 .
750 4738 797 4760 ..
830 4681 1016 4780 poiieffionis
1114 4679 1333 4769 ssdefmdere
1357 4706 1418 4753 non
1443 4682 1672 4772 pannium,-
1692 4703 1749 4757 aut
1770 4682 1801 4767 li
1824 4708 1886 4755 vo·

245 4806 334 4853 meae
351 4803 534 4871 permaneat
552 4783 599 4861 &⁴
615 4785 759 4876 persistat
778 4788 819 4860 in.
836 4788 1013 4884 integrum.
1121 4784 1170 4855 bis
1195 4784 1308 4853 exinde
1332 4780 1458 4879 aliquid
1479 4805 1537 4880 per
1559 4784 1694 4881 quodvis
1721 4785 1883 4877 ingenium

248 4881 322 4976 Qui
347 4901 452 4954 autem
485 4886 711 4979 lupraieriptae
741 4889 841 4984 petits
865 4898 905 4961 de
931 4911 1016 4963 terra
1115 4885 1297 4977 subtrahere
1322 4882 1564 4980 quaesterimus,
1589 4907 1664 4959 tunt
1689 4887 1724 4959 itt
1749 4887 1884 4979 siurim

245 4982 442 5081 laboratorio
458 5068 462 5077 ,
476 4984 520 5059 <ii
551 4987 690 5079 prasina
721 4988 811 5085 jucis
851 4990 912 5062 mei
949 5017 1015 5064 una
1121 4989 1251 5079 eandm
1277 4984 1468 5088 offerlionem
1494 5008 1531 5062 ut
1544 4989 1658 5096 supra
1669 5036 1684 5072 ,
1719 4980 1888 5172 qsparti.

371 5140 376 5147 .
1732 5107 1831 5183 aptus
