4216 6014
295 365 379 474 ,ες
570 354 979 444 nssssnmso
1009 280 1496 445 nscessmnnmnn.
1731 355 1817 436 πεί

229 477 277 550 eii
299 476 431 550 Domini
470 474 669 547 Salvatoris'
689 475 839 566 faciant,
880 500 994 546 necnon
1024 480 1073 553 ,Α
1112 468 1195 539 omni
1234 477 1348 564 Regno
1388 468 1487 555 nollro
1512 520 1522 543 .
1550 517 1560 540 .
1586 517 1597 541 .
1624 517 1671 555 .,
1704 465 1845 538 Cbarsas
1863 487 1881 545 ‚²
1971 477 1977 483 “

229 580 274 651 l&
299 577 477 676 angarias,
502 597 598 673 atque
618 577 793 672 portariam
817 574 866 648 ibi
890 573 938 656 &¹
956 604 996 649 a·
1103 575 1134 661 J
1135 569 1284 650 udicare,
1330 567 1601 665 Empbytbeofis,
1650 567 1694 639 Θ
1737 568 1878 641 Libellos

229 679 314 761 libi,
340 677 397 750 ubi
420 698 626 774 opportunum
645 677 766 768 suerit.
793 678 891 771 Quod
909 676 942 762 li
961 679 996 747 iss
1107 669 1249 762 scribant
1274 669 1388 765 absque
1426 669 1528 739 ullius
1555 720 1712 743 .....
1740 667 1877 766 impedi-

231 776 309 876 ipfis
335 776 447 853 silvis
471 778 592 874 aliquis
617 801 758 850 mucosus
778 778 915 869 fecerit,
939 798 999 848 aut
1113 792 1234 845 mento.
1283 768 1515 860 Confirmamus
1563 771 1661 841 esiam
1707 770 1803 844 vobis
1828 767 1877 852 e&

225 880 260 969 st
283 879 408 970 peculia
430 880 603 974 prebuerit,
628 879 788 952 redditum
813 877 997 971 escaticum,
1109 872 1275 968 praediblo
1300 870 1495 960 Monasterio
1519 869 1640 954 velles,
1667 892 1705 942 ut
1727 876 1768 944 de
1787 873 1879 965 ripa-

228 982 288 1074 seu
332 987 470 1073 celatum
504 985 550 1053 ad
583 984 714 1052 Fratres
748 981 998 1053 Nonantulanae
1114 975 1174 1045 rico
1198 972 1253 1044 vel
1277 973 1415 1045 tbeloneo
1434 971 1637 1069 fingularum
1670 971 1878 1064 Civitatum,
1927 1038 1929 1042 .

230 1081 426 1173 famulantes
444 1102 544 1151 totum
563 1081 750 1177 perueniat.
776 1081 883 1152 simul
900 1082 998 1152 etiam
1106 1072 1180 1159 five
1204 1083 1244 1146 de
1271 1074 1443 1167 ferraria,
1487 1075 1543 1147 vel
1575 1075 1776 1152 comaclum,
1807 1075 1889 1177 *vel*

235 1180 364 1255 Plebem
401 1179 542 1254 baedae
580 1183 711 1256 Mariae
755 1182 789 1253 in
835 1183 1000 1274 Liranum
1113 1173 1258 1272 qualibet
1279 1175 1469 1268 familiam,
1509 1203 1563 1248 uec
1588 1176 1727 1248 theloneo
1753 1174 1788 1245 in
1807 1176 1879 1270 qui-

234 1282 432 1371 eonllitutam
465 1284 656 1354 concedimus
694 1284 786 1354 vobis
829 1282 1000 1378 velitisque
1114 1276 1252 1351 buslibet
1277 1279 1373 1361 locis,
1399 1277 1629 1368 Civitatibus,
1667 1274 1724 1350 seu
1759 1273 1879 1350 Ciufis

201 1424 206 1435 ·
226 1378 441 1478 succeffieibus
465 1409 500 1454 eo
524 1385 634 1455 ordine
659 1404 696 1454 ut
721 1385 832 1454 nullus
869 1383 1002 1479 Episco-
1047 1387 1077 1459 B
1116 1376 1231 1476 Regni
1258 1378 1390 1467 nostri,
1426 1402 1520 1477 atque
1555 1378 1712 1476 negotiis,
1738 1376 1815 1464 five
1837 1380 1880 1450 de

231 1508 293 1581 pur
317 1483 524 1567 Bononiensis
563 1490 618 1555 vel
643 1484 776 1557 aliunde
810 1483 845 1554 iu
871 1510 910 1556 ea
932 1488 1000 1556 ali·
1115 1480 1334 1563 Inllrumentis
1358 1483 1552 1555 Cbartarum
1577 1529 1739 1554 .....
1757 1478 1816 1570 seu
1838 1485 1880 1551 de

234 1587 313 1682 quid
336 1613 428 1683 agere
452 1605 511 1655 aut
535 1584 683 1658 ordinare
704 1583 910 1681 praesumat,
937 1581 1001 1666 nist
1113 1581 1320 1669 Advocatio,
1354 1583 1465 1677 quales
1499 1583 1543 1652 θ
1580 1582 1790 1676 undecumque
1814 1580 1878 1652 eli·

234 1707 360 1760 santum
384 1685 673 1787 leecrationem,
698 1682 998 1776 confirmationem,
1108 1706 1185 1776 gere
1208 1681 1392 1770 voluerint,
1433 1680 1594 1754 licentiam
1618 1683 1755 1754 babeant
1786 1702 1878 1773 pote·

237 1789 544 1882 Predicationemque
565 1786 711 1876 faciant.
747 1790 795 1857 Et
829 1782 1000 1876 Presbyte·
1106 1779 1223 1866 llatern
1247 1782 1355 1874 causas
1379 1781 1572 1874 Monallerii
1599 1804 1746 1880 peragere
1767 1785 1878 1876 seeun-

172 1917 173 1920 ’
239 1900 330 1967 eum,
365 1911 456 1982 quem
489 1911 548 1956 vos
585 1887 641 1956 vel
678 1886 776 1975 meliri
818 1882 1001 1979 Succeffo‘res
1111 1884 1190 1953 diem
1228 1910 1331 1954 eorum
1354 1904 1500 1975 precepta
1525 1886 1570 1955 0
1589 1882 1764 1978 judicata.
1790 1889 1876 1957 Nec·-

239 1980 385 2059 idoneum
410 1985 528 2077 ibidem
552 1985 798 2077 constitueritis,
823 2013 846 2060 a
865 1985 1001 2085 patella·
1113 1987 1239 2056 nonde
1264 1984 1521 2082 inquifitisnibus
1540 1984 1697 2077 faciendis
1718 2008 1776 2083 per
1807 1988 1877 2057 idn-

238 2110 271 2161 te
303 2086 410 2174 vestra
445 2088 629 2160 nullatenus
665 2090 849 2181 submonere
870 2089 1000 2181 praesu·
1112 2110 1184 2155 neos
1207 2085 1346 2158 beminen
1378 2090 1419 2158 de
1450 2083 1679 2183 psffeffionibus
1718 2090 1762 2159 θ
1787 2091 1877 2160 rebus

237 2210 324 2271 mat,
351 2216 404 2260 nee
428 2187 573 2283 aliquam
596 2188 838 2262 dominationem
872 2188 907 2260 in
928 2188 1001 2282 jam
1112 2185 1303 2273 Monallerii
1325 2187 1425 2274 velini
1446 2205 1503 2284 per
1524 2190 1652 2281 viginti
1674 2214 1801 2270 annus,
1828 2185 1877 2266 &-

235 2289 327 2361 dille
351 2287 449 2362 Plebe
478 2289 583 2380 facere
606 2310 665 2365 aut
688 2289 802 2362 exinde
835 2290 1002 2387 quicquam
1040 2291 1073 2364 C
1111 2312 1144 2356 co
1169 2288 1327 2385 amplius.
1363 2293 1426 2360 Seu
1458 2292 1499 2358 de
1524 2289 1660 2360 Placitis
1686 2285 1733 2367 (ν
1757 2291 1799 2360 de
1820 2289 1877 2380 pi-

235 2392 341 2464 tollere
365 2410 483 2463 tentet.
521 2395 571 2463 Et
609 2414 646 2463 ut
671 2389 709 2465 in
736 2389 903 2465 omnibus
929 2391 999 2466 Sil-
1106 2389 1347 2484 gestationibus
1394 2388 1563 2477 vellrorum
1610 2389 1792 2480 bominum,
1835 2393 1876 2462 do

238 2491 294 2564 vis
318 2489 388 2580 iam
407 2491 475 2581 fati
500 2489 634 2563 Cenobii
659 2493 769 2563 nullus
793 2498 902 2565 Comes
927 2493 1001 2578 bue
1111 2489 1331 2572 immunitate,
1372 2517 1452 2587 quae
1488 2489 1532 2578 eli
1575 2489 1713 2587 triginta
1756 2493 1875 2564 Libras

239 2589 425 2677 Callaldeus
446 2591 504 2681 seu
529 2592 679 2686 quislibet
696 2592 814 2665 nobilis
832 2613 891 2664 aut
909 2593 1000 2690 igno·
1109 2591 1257 2687 argenti,
1292 2587 1340 2670 (θ’
1378 2594 1418 2663 de
1445 2595 1508 2664 Via
1530 2613 1587 2688 per
1623 2591 1875 2686 Vilzacbaram,

240 2693 318 2765 bilis
342 2717 410 2762 curn
434 2691 564 2763 canibus
603 2711 661 2763 aut
699 2719 884 2790 quocumque
909 2695 1000 2791 inge·
1104 2689 1161 2784 scu
1185 2697 1226 2763 ele
1250 2719 1335 2789 aqua
1351 2693 1460 2787 fluvii
1484 2697 1592 2766 Genae
1624 2699 1670 2765 ad
1709 2695 1875 2767 Molendi-

239 2795 293 2866 uio
316 2791 502 2865 venationes
525 2817 659 2864 exercere
681 2796 860 2886 praesumat
874 2815 1001 2891 propter
1111 2819 1175 2874 na,
1202 2791 1249 2874 &¹
1274 2802 1314 2866 ce
1338 2800 1460 2877 Portu,
1480 2793 1553 2880 seve
1577 2799 1678 2866 Ponte
1695 2793 1730 2865 in
1754 2802 1875 2893 Aqua-

240 2893 489 2990 iuqus'etudiuem
537 2893 729 2967 animalium
774 2896 1000 2983 Manallerii.
1112 2895 1227 2990 longa.
1253 2896 1413 2967 Similiter
1437 2898 1482 2966 θ’
1506 2894 1724 2984 confirmamus
1757 2898 1875 2988 uobis,

239 3001 367 3070 Necnon
392 2994 606 3083 concedimus,
639 3015 678 3067 ut
703 2995 739 3066 in
764 2994 1003 3096 quibuscumque
1113 2994 1161 3075 du
1188 2995 1222 3067 in
1245 2996 1415 3089 prescripto
1438 2995 1574 3069 cenobio
1597 2996 1698 3082 vestro
1721 3000 1876 3070 Carsulas

239 3095 410 3168 comitatis
451 3097 507 3167 vel
532 3096 608 3168 locis
632 3096 742 3169 Cellas
774 3096 982 3194 acquisieritis
988 3150 1002 3186 ,
1114 3094 1204 3167 illius
1227 3097 1434 3177 donationis,
1482 3122 1561 3194 quas
1600 3097 1693 3167 vobis
1726 3098 1877 3190 Ambau-

238 3217 297 3271 aue
337 3196 480 3286 Villae,
529 3195 591 3271 ubi
640 3197 758 3272 Silone
798 3224 1002 3277 communes
1043 3204 1079 3274 D
1109 3197 1165 3288 lue
1191 3199 1364 3294 Episcopus
1391 3197 1471 3298 (*)‚
1496 3197 1543 3278 ό*
1570 3198 1777 3292 Gaydoaldus
1801 3203 1878 3271 Mc-

239 3295 348 3385 sua,
382 3296 518 3381 vesicam
551 3297 674 3390 smper
695 3298 868 3391 pensionem
890 3301 1005 3374 baben
1052 3380 1055 3385 ¹
1115 3297 1204 3369 dicus
1229 3299 1414 3392 emiserunt,
1449 3326 1518 3371 cum
1551 3301 1694 3371 omnibus
1718 3304 1808 3372 rebus
1834 3301 1878 3373 il-

239 3395 450 3486 praecipimus
459 3440 475 3469 .·
489 3402 544 3471 Et
568 3418 606 3470 ut
629 3399 739 3471 nullus
764 3400 799 3470 in
818 3408 932 3499 Regna
947 3431 1002 3477 nn-
1117 3399 1182 3469 lius
1206 3448 1400 3475 ......
1424 3400 1521 3474 liberi
1552 3400 1691 3472 bomines
1712 3420 1770 3492 per
1788 3396 1878 3473 'Car-

235 3495 303 3583 fire
323 3496 440 3568 ¹Italico
462 3501 518 3570 vel
542 3507 688 3576 Rnnsann
723 3499 895 3592 cuiuslibet
917 3507 1003 3577 ordi·
1117 3502 1219 3574 sulam
1240 3503 1445 3600 prescriptam
1468 3502 1688 3575 contulerunt:
1712 3500 1880 3595 utfirmi·

241 3595 294 3667 nis
316 3595 460 3689 praefati
483 3599 674 3688 Monallerii
696 3607 813 3675 serva
836 3625 898 3678 aut
922 3615 1001 3680 An·
1117 3623 1165 3674 ter
1188 3631 1248 3675 vos
1274 3602 1322 3686 dr
1343 3607 1523 3697 praefatum
1547 3606 1719 3677 (ῙΜΗΜ
1743 3605 1880 3691 wilm

241 3697 359 3778 uillas,
403 3697 460 3794 qui
491 3699 574 3795 suga
613 3701 698 3799 lapsi
716 3703 860 3794 suerint,
900 3731 1008 3782 contra
1090 3705 1318 3800 lpoffideatis.
1353 3711 1500 3779 Mercata
1534 3706 1631 3777 etiam
1666 3707 1708 3778 de
1740 3709 1879 3803 propriis

188 3846 203 3857 -
240 3801 404 3872 Abbatem
444 3822 503 3872 aut
527 3802 743 3892 Praepositum
768 3807 825 3878 vel
847 3812 1004 3885 menaea-
1114 3803 1253 3897 ejuldem
1279 3807 1433 3892 Ecclefiae
1458 3809 1545 3902 agris
1571 3805 1619 3884 eb*
1647 3809 1742 3878 terris
1767 3807 1878 3895 caulli-

241 3919 331 3989 tum,
357 3926 426 3970 cum
451 3903 579 3976 inventi
598 3904 749 3996 fuerint,
777 3917 1008 4006 quoquomodo
1113 3910 1223 3978 mendi
1249 3908 1410 3979 licentiam
1435 3907 1599 3997 babeatis,
1626 3908 1878 3984 &conducendi

240 4003 358 4077 audeat
384 4001 539 4077 retinere.
574 4007 791 4104 Similiterque
825 4012 922 4081 etiam
946 4015 1004 4084 do-
1113 4007 1242 4099 diverse
1267 4008 1464 4081 mercimonia
1482 4008 1529 4089 (Ψ
1548 4008 1776 4106 negotiatores,
1801 4040 1878 4082 cun-

243 4127 355 4174 namus
377 4105 589 4198 praeceptales
613 4157 811 4181 .....
856 4110 1009 4182 videlicet
1035 4118 1092 4201 {El
1115 4106 1224 4204 linque
1249 4109 1447 4201 thelonium,
1483 4108 1529 4189 (φ
1556 4112 1712 4208 quidquid
1735 4114 1776 4183 da
1801 4110 1878 4204 ipfis

244 4203 462 4299 quadraginta
486 4200 573 4285 olle,
620 4206 674 4301 qni
713 4232 795 4276 nunc
808 4264 813 4275 .
826 4207 927 4299 funt,
953 4212 1009 4280 esel
1115 4210 1258 4282 mereatis
1291 4211 1377 4308 exigi
1407 4212 1532 4309 puell,
1571 4212 1690 4281 ibidem
1713 4209 1877 4296 famulan-

239 4302 362 4392 futuris
397 4305 587 4393 temporibus
622 4332 660 4374 ese
686 4303 762 4395 ipfis
786 4327 843 4379 aut
868 4337 907 4380 ese
930 4311 1010 4381 aliis
1115 4309 1201 4382 tibus
1233 4312 1392 4402 pertineat
1420 4315 1491 4398 fine
1515 4308 1778 4382 contradillione.
1806 4316 1837 4399 J
1839 4336 1877 4378 u-

245 4399 301 4494 effe
324 4404 508 4485 voluerint,
542 4425 578 4475 ut
603 4407 737 4477 liberam
762 4411 806 4479 ad
831 4413 1006 4484 nunaun-
1033 4392 1039 4463 ι
1115 4411 1221 4482 bemus
1246 4415 1372 4510 itaque,
1408 4434 1444 4483 ut
1484 4414 1665 4507 quicumque
1706 4436 1744 4478 ex
1766 4409 1876 4481 liberis

246 4524 315 4572 rum
338 4505 513 4576 utilitatem
531 4508 767 4597 peragendam
790 4507 928 4583 babeant
948 4537 1007 4610 pu-
1034 4475 1039 4621 i
1114 4510 1292 4586 bominibus
1316 4515 1454 4584 voluerit
1478 4515 1668 4585 Advocatus
1690 4536 1792 4582 eorum
1810 4510 1878 4603 fie-

246 4600 406 4697 tellatens,
432 4629 548 4680 remota
573 4608 671 4680 tetius
692 4608 857 4707 potestatis
882 4613 1006 4712 inquie-
1104 4613 1167 4693 ¹ri,
1201 4617 1257 4710 qui
1291 4614 1399 4704 causas
1426 4615 1506 4705 luas
1540 4633 1687 4706 peragere
1712 4614 1853 4706 nesciunt
1865 4661 1879 4700 ‚

244 4701 377 4817 tudine.
535 4729 545 4816 Ἰ
1114 4714 1228 4810 absque
1261 4711 1400 4797 alicuius
1432 4714 1562 4786 licentia
1586 4712 1691 4787 libera
1728 4716 1879 4813 potestate

232 4813 234 4818 ’
296 4805 402 4894 igetur
444 4810 649 4899 perdonamus
690 4811 786 4887 vobis
825 4812 873 4892 ὅθ’
907 4816 1010 4888 eidem
1113 4814 1275 4912 perbibat.
1301 4822 1349 4888 Et
1369 4814 1402 4902 fi
1426 4817 1499 4914 quis
1525 4816 1559 4887 in
1584 4815 1689 4889 vadia
1707 4845 1810 4890 eorum
1827 4843 1878 4886 ee·

243 4900 366 4976 sanilo
399 4907 536 4978 cenobio
552 4971 557 4981 .
573 4913 696 5006 vesica,
739 4937 777 4987 ut
815 4920 947 4993 Natarii
972 4918 1009 4989 iu
1087 4917 1213 5014 ‚cipere
1238 4918 1372 4991 noluerit
1384 4967 1398 5003 ,
1438 4919 1546 4994 nullus
1585 4918 1736 5016 impedire
1768 4917 1878 5012 presu-

670 5069 672 5072 ,
1316 5064 1319 5071 .
1741 5034 1832 5107 m,

243 5115 292 5201 (⁸)
312 5122 499 5212 Popilicnsss
521 5127 708 5218 Episcopus.
730 5134 817 5205 vioe
837 5135 986 5208 Rubeum
1005 5157 1075 5223 pag.
1090 5153 1161 5227 2²5⁵
