4216 6014
290 336 373 424 555
564 295 1539 432 aur—tournncprrnrur
1719 313 1812 421 „e

225 441 290 497 tem
315 426 506 501 THEOD.
541 439 579 494 ut
602 419 848 514 stlubscribere
870 419 993 513 voluis·
1030 421 1066 495 A
1099 412 1202 490 seralt
1238 432 1399 509 tempore
1440 416 1510 493 1110
1549 432 1667 518 aperta
1703 427 1789 495 adeo
1816 420 1875 499 est

219 524 296 618 th,
332 527 437 618 peſsus
460 523 587 597 semines
614 522 713 616 super
735 521 905 604 chamont,
935 543 994 618 pet

225 651 296 698 eam
322 649 428 721 pertua
445 630 628 710 duceretur,
654 626 700 693 O·
715 621 908 714 subscriptio
922 622 993 715 ejus

224 730 357 799 tantum
381 730 566 802 videretur.
594 721 710 810 Vide,
737 724 870 820 quanti
896 723 992 799 anti·

223 825 366 926 quitate
391 828 524 904 constet
548 822 628 900 usus
653 821 769 898 adhuc
790 824 882 919 apud
901 852 991 924 quo-

224 927 322 1005 sdam
351 928 469 1004 Princi
515 953 531 1002 s
558 923 749 1001 familiaris
766 925 990 1002 instrumenti

224 1028 350 1119 illius,
389 955 570 1128 quosiab
610 1024 808 1129 Hispanico
840 1044 905 1103 nos
931 1055 991 1125 ap-

226 1132 401 1231 pellemus
445 1128 667 1228 Stampiglr‘ae.
714 1127 779 1204 Sed
825 1128 992 1204 successo·

224 1256 323 1314 rem,
362 1258 404 1308 ac
430 1251 596 1331 nepotem
631 1228 847 1308 Theoderici
875 1231 992 1306 Atha·

1101 515 1180 599 via,
1224 536 1265 591 ut
1305 520 1432 595 Seculo
1480 517 1590 594 etiam
1642 519 1869 622 subsequenti

1102 618 1208 709 ltalia
1242 616 1397 719 rapinis,
1434 620 1623 707 caedibus,
1658 619 1870 715 fraudibus,

1100 716 1247 794 lascivit
1271 746 1412 819 quoque
1437 746 1520 796 cum
1548 722 1696 823 perditis
1733 725 1873 801 sitim·
1931 768 1937 775 ·

1101 820 1221 920 probis
1247 820 1441 923 quibusque
1469 826 1617 924 Populis
1643 845 1775 901 certare
1802 853 1873 926 po·

1100 925 1232 999 tuerit.
1259 927 1384 1024 Neque
1409 923 1583 1002 immunis
1608 954 1629 1002 a
1655 946 1755 1003 tanta
1780 953 1873 1005 con·

1099 1022 1873 1209 arcessaturanm

1101 1224 1335 1303 foedissimam
1360 1228 1548 1305 libidinem
1587 1249 1673 1305 tunc
1709 1232 1757 1306 eil
1785 1260 1872 1323 pro«.

223 1332 376 1408 laticum
404 1331 660 1409 Amalasuntha
687 1335 762 1432 ejus
790 1351 903 1408 mater
924 1332 992 1408 ali·
1040 1331 1069 1403 ll
1102 1326 1238 1429 lapsus.
1274 1333 1384 1409 Auno
1417 1351 1535 1405 autem
1573 1334 1869 1411 Dccccuxu.

223 1451 280 1509 ter
304 1433 558 1511 instituendum
585 1431 750 1527 censuit,
778 1435 833 1511 uti
862 1436 992 1509 Proco-

225 1533 305 1636 pius
346 1535 457 1613 tradit
495 1535 580 1613 Lib.
618 1535 736 1636 primo
762 1539 851 1635 Cap.
887 1560 921 1611 a.
949 1541 992 1611 de

224 1637 330 1712 Bello
355 1635 535 1716 Gothico.
575 1641 670 1713 Nam
707 1656 747 1714 ut
785 1638 924 1731 vitam,
951 1664 1003 1721 ac]

224 1762 342 1814 mores
369 1740 575 1838 Principum
604 1745 846 1817 Romanorum
866 1766 991 1839 aequa·

109 1887 119 1901 ·
225 1856 303 1930 tet,
338 1866 419 1917 eum
454 1841 590 1919 Littris
625 1840 867 1918 imbuendum·
892 1869 992 1918 cura·

225 1942 306 2016 tit.
332 1945 386 2017 At
411 1970 485 2019 rem
513 1971 585 2018 non
612 1971 725 2044 aequo
751 1944 874 2018 animo
899 1945 991 2018 tule-

226 2069 263 2118 re
283 2041 485 2121 Gothorum
505 2045 728 2147 optimates.
749 2043 992 2148 Quamobrem

225 2145 524 2223 Amalasunrbam
569 2145 735 2223 adeuntes
771 2144 990 2247 significant:

1102 1428 1316 1507 Germanica
1349 1457 1434 1533 gens
1469 1429 1530 1507 sub
1555 1435 1691 1509 Otrone
1727 1438 1871 1537 Magno

1102 1533 1293 1633 imperium
1329 1531 1368 1607 in
1407 1532 1513 1611 ltalia
1539 1561 1699 1611 exercere
1724 1542 1870 1637 coepit.

1103 1637 1213 1709 Erant
1247 1636 1418 1711 Germani
1457 1661 1530 1709 nou
1573 1637 1673 1735 pauci
1710 1642 1869 1713 Franco·

1101 1761 1178 1810 rum
1206 1761 1338 1835 genus,
1362 1755 1425 1812 aut
1450 1759 1545 1812 certe
1570 1738 1705 1815 diutius
1729 1740 1871 1829 etiam,

1103 1838 1210 1935 quim
1238 1836 1367 1926 ltalia,
1394 1842 1608 1912 Francorum
1632 1840 1786 1936 Regibus
1807 1865 1874 1938 pa·

1103 1958 1273 2020 ruerant,
1311 1935 1364 2010 ita
1391 1957 1432 2012 ut
1457 1934 1520 2012 sub
1548 1938 1715 2013 scanciae
1740 1938 1873 2017 Orien·

1103 2040 1187 2115 talis
1214 2037 1361 2115 nomine
1386 2038 1455 2114 illa
1479 2038 1580 2140 regio
1608 2036 1728 2138 paffim
1756 2041 1871 2117 adbuc

1103 2139 1359 2242 desrgnaretur.
1387 2138 1488 2237 Quin
1515 2141 1606 2238 apud
1632 2168 1692 2217 eos
1718 2143 1871 2220 multat

225 2248 356 2320 literar
389 2249 626 2339 asperitudine
649 2252 743 2346 longe
784 2245 841 2345 effe
866 2250 993 2344 disjun·
1032 2257 1064 2330 c
1101 2241 1286 2317 laudandis
1313 2246 1530 2317 francorum
1571 2245 1730 2323 moribus
1756 2243 1872 2325 serra·

227 2346 323 2442 tter,
366 2351 583 2447 traditamque
606 2379 628 2423 a
657 2352 786 2444 senibus
822 2351 994 2438 institutio·

228 2475 299 2520 uem
325 2451 360 2523 irr
386 2454 596 2525 timiditatem
621 2451 670 2533 ὅγ’
695 2457 798 2529 animi
828 2453 995 2525 bumilita-

226 2568 290 2623 tem
321 2557 504 2648 plerumque
536 2555 641 2627 uerti.
684 2559 795 2649 ltaque
837 2575 994 2646 oportere,

227 2668 265 2723 tt
290 2651 324 2717 itt
352 2676 384 2719 re
409 2654 523 2723 bessica
543 2652 674 2741 futurus
708 2654 886 2743 animosus,
922 2656 994 2750 glo·

227 2747 337 2845 uiaque
377 2748 535 2845 insignit,
570 2777 672 2823 amoto
697 2753 858 2827 deserum
883 2777 995 2845 metu,

225 2851 324 2924 armis
350 2874 545 2924 exerceatur.
581 2855 804 2927 Theodericum
829 2858 995 2954 allegant,

226 2978 398 3050 numquam
436 2951 557 3050 passum
592 2958 766 3029 Gothorum
801 2959 917 3039 liberor
950 2960 996 3033 ad

227 3055 480 3153 ludimagillras
506 3058 594 3129 mitti
601 3083 618 3129 .·
643 3086 738 3156 quum
763 3060 876 3135 diceret
894 3061 996 3132 omni·

1099 2361 1243 2427 rentur,
1267 2343 1333 2419 aix
1360 2342 1505 2419 dubito.
1533 2348 1642 2440 Quod
1663 2352 1773 2421 etiam
1794 2373 1872 2425 cet<

1100 2461 1178 2535 tum
1218 2442 1287 2528 est,
1327 2449 1475 2520 Saeculo
1516 2445 1585 2522 illo
1624 2443 1665 2522 ἀ
1707 2446 1866 2548 sequenti

1100 2546 1293 2621 Germania
1334 2544 1463 2623 sanslis
1498 2549 1589 2627 viris
1624 2577 1706 2648 prae
1741 2549 1868 2629 ceteris

1100 2647 1384 2725 Christianorum
1412 2649 1530 2750 regnis
1564 2651 1781 2728 abundarit.
1818 2656 1869 2733 Er

1100 2749 1179 2825 sane
1218 2752 1515 2826 Germanicorum
1561 2754 1767 2853 Principum
1803 2781 1867 2855 po-

1100 2849 1214 2930 tentia
1250 2878 1310 2950 per
1336 2877 1444 2926 unum
1485 2852 1556 2930 sere
1587 2859 1772 2937 Saeculum
1799 2854 1868 2933 ali·

1099 2956 1311 3054 quantulum
1347 2954 1566 3056 compescuit
1601 2958 1767 3035 effrenem
1795 2960 1870 3037 Ita·

1100 3061 1251 3130 luorum
1278 3055 1491 3132 licentiam.
1532 3059 1595 3135 Sed
1638 3088 1681 3137 au
1722 3060 1774 3139 eis
1799 3060 1869 3139 ali·

228 3154 310 3250 sur,
349 3184 399 3231 eur
425 3161 742 3257 rumquamhalieur
767 3184 825 3234 aut
846 3163 995 3258 gladium
1033 3151 1067 3220 D
1099 3155 1186 3256 quid
1212 3160 1472 3257 elegantiornm
1502 3187 1641 3237 morum
1659 3162 1867 3263 inspirarit,

225 3260 423 3358 despesuros
448 3285 552 3335 mente
577 3264 763 3363 intrepida,
792 3263 827 3350 st
849 3266 997 3355 scuticam

227 3360 444 3457 tremurffem.
491 3367 546 3437 En
582 3393 690 3461 quare
730 3367 872 3442 bathara
911 3393 996 3467 gens

177 3538 182 3561 „
228 3461 320 3536 olim
360 3489 432 3535 non
479 3465 619 3538 tanthm
670 3468 888 3564 negligeret,
939 3467 995 3540 sed

227 3559 337 3671 ctiam
366 3560 605 3637 adversaretur
631 3565 796 3640 Literas.
821 3570 945 3660 Atque
965 3567 996 3642 is

226 3683 305 3737 tuos
347 3659 384 3735 in
422 3659 621 3736 nniversam
667 3662 835 3749 ltaliam.
880 3668 916 3743 &
952 3667 995 3741 ad

226 3762 328 3937 qlura
354 3759 481 3838 deinde
524 3765 652 3840 Secula
699 3764 919 3862 permeavit,
954 3772 996 3849 el

242 3858 479 3959 ¹esortnitate,
519 3883 562 3942 ut
600 3894 673 3945 non
699 3868 801 3970 pauci
843 3897 888 3949 ex
915 3869 997 3969 ipsis

228 3966 383 4042 Clericis
429 3969 467 4042 in
512 3997 690 4048 armorum
747 3972 867 4073 potius
910 3974 996 4061 usu,

228 4067 335 4164 qubm
364 4068 403 4142 in
430 4068 633 4145 Literarum
662 4076 824 4170 cultura,
864 4078 996 4154 famam
1036 4056 1068 4127 E

229 4173 265 4251 ἃ
293 4171 439 4249 delicias
465 4190 691 4269 quaererent.

282 4278 353 4353 Sub
373 4273 563 4352 Carolinae
582 4272 697 4372 stirpis
715 4271 868 4371 imperio
888 4279 997 4375 usque

229 4378 272 4453 ad
295 4384 441 4456 Annum
462 4377 593 4455 Chrisli
616 4379 995 4458 occctxxxvtn.

229 4483 388 4559 moribus
423 4480 617 4558 tolerandis
657 4477 803 4555 Italicus
840 4484 995 4581 Populus

227 4575 346 4655 uixit.
380 4585 445 4659 Sed
473 4601 558 4660 tunc
584 4585 628 4674 de
663 4584 819 4685 Imperio
845 4602 993 4669 conten·

228 4675 395 4779 dentibus
414 4686 627 4787 Berengario
647 4689 746 4777 Duce
771 4685 995 4786 Foroiulien-

229 4775 291 4881 Ιί,ι
319 4779 403 4855 inde
435 4786 602 4860 Guidone
641 4790 740 4872 Duce
775 4791 993 4887 Spoletano‚

228 4881 404 4981 intellinis
442 4910 485 4960 ac
508 4884 688 4961 diuturnis
715 4888 821 4970 hellis
844 4888 995 4971 reserata

227 4985 312 5074 suut
345 4987 514 5087 claustra,
552 4990 589 5066 δι
628 4986 732 5079 vitiis
756 4985 829 5073 stre
854 4991 992 5073 cuniiis

1101 3254 1269 3358 nusquam
1296 3261 1397 3359 lego.
1438 3264 1555 3349 Immo
1592 3265 1792 3366 pergentis
1817 3262 1867 3341 il·

1100 3363 1170 3435 lius
1197 3362 1474 3455 commercium,
1502 3393 1522 3439 e
1549 3367 1648 3467 cujus
1672 3369 1806 3447 laribus
1824 3393 1872 3447 ut.

1101 3461 1214 3537 noslro
1242 3463 1386 3562 quidem
1413 3492 1503 3540 aevo
1544 3470 1633 3570 passa
1659 3469 1706 3544 esi
1732 3469 1871 3546 tuslici·

1100 3584 1154 3639 ras
1180 3585 1285 3663 atque
1312 3562 1479 3665 asperitas
1512 3566 1548 3645 se
1580 3567 1716 3671 prorsus
1740 3574 1865 3647 exclu-

1100 3665 1160 3746 di,
1187 3665 1376 3743 serociores
1400 3669 1539 3751 svahh'e
1566 3672 1728 3749 ridentur
1754 3671 1867 3747 Itali.

1102 3771 1232 3842 Eorum
1271 3770 1402 3869 quippe
1434 3777 1619 3871 exemplo,
1665 3773 1781 3849 immo
1825 3774 1865 3849 δε

1100 3870 1239 3969 legibus
1278 3870 1428 3955 fetrum,
1473 3889 1514 3947 ut
1558 3875 1750 3965 Duellum,
1792 3874 1868 3951 fiee

1101 3969 1271 4072 fingulare
1315 3992 1509 4057 certamen,
1553 3995 1657 4050 autea
1704 3976 1872 4076 prosehlb

1101 4071 1290 4165 astatum,
1326 4076 1363 4152 in
1404 4077 1513 4175 longe
1550 4077 1716 4175 pluribus
1758 4079 1868 4157 etiam

1101 4174 1232 4253 casibus
1268 4177 1414 4253 liceret:
1451 4177 1496 4253 de
1533 4205 1603 4278 qua
1643 4208 1683 4256 re
1708 4181 1870 4263 dubitare

1102 4305 1165 4351 nos
1193 4305 1264 4351 non
1292 4279 1411 4357 finunt
1436 4282 1549 4379 Leges
1574 4284 1727 4359 Ottonis
1753 4287 1801 4359 ll.
1829 4284 1871 4361 dt

1100 4378 1252 4453 Henrici
1292 4379 1324 4459 I.
1356 4383 1595 4482 Augullorum
1635 4387 1734 4463 inter
1769 4390 1869 4463 Lau·

1100 4479 1325 4579 gobardicas.
1362 4487 1421 4559 Ad
1459 4488 1545 4562 haec
1578 4513 1700 4562 eorum
1727 4507 1870 4583 tempo·

1099 4607 1177 4661 rum
1204 4586 1375 4661 Germani
1403 4589 1546 4665 Baccho
1570 4586 1610 4667 ὅ(
1641 4594 1745 4687 Lyco
1769 4617 1871 4688 prte-

1099 4683 1244 4784 cipuum
1271 4686 1443 4763 honorem
1471 4690 1669 4777 habebant,
1701 4695 1737 4769 ἃ
1774 4690 1868 4781 libe·

1098 4786 1251 4862 rioribus
1277 4787 1417 4883 cyathis
1437 4813 1598 4881 utentes„
1622 4793 1718 4875 nihil
1737 4792 1802 4870 sthi
1823 4793 1870 4875 ab

1097 4888 1269 4964 ebrietate
1293 4891 1452 4981 timuisse
1477 4897 1664 4978 videnmr.
1697 4900 1771 4973 Eos
1795 4923 1869 4971 cer·

1098 5007 1136 5081 ts
1173 4992 1255 5083 eim
1289 4997 1418 5083 uuus
1454 4998 1564 5083 uobis
1595 4998 1757 5175 exhihetd
1769 5003 1864 5174 Ifu-

1220 5147 1222 5151 .
1758 5124 1815 5175 u·
