4216 6014
227 375 309 464 101‘
569 363 937 459 DlSSERTATlO
966 365 1392 459 DECIMANONA:
1653 397 1733 458 102

164 489 215 563 Et
239 488 349 567 fallax
385 483 529 582 quidem
570 484 741 585 ejusmodi
767 488 935 563 Indistio.
962 494 998 566 A
1032 485 1315 586 ramsEpocham
1355 482 1502 584 Imperii
1538 484 1717 560 Ludorici
1744 479 1793 558 ll.

163 589 205 663 in
247 589 358 662 caussa
399 587 498 661 fuiffe
524 585 690 668 videtur,
728 615 789 664 cur
824 591 926 691 Sigo-

166 690 248 765 nius
273 687 481 779 tradiderit,
520 686 745 780 Ludovicum
775 695 928 766 11.An-

167 817 217 864 no
258 793 529 865 DCCCXLIV.
575 789 758 888 Imperiali
798 819 928 868 cosona

169 892 370 967 decoratum
397 891 520 989 luille3
548 893 644 989 quod
663 909 781 969 tamen
802 894 927 969 falsum

171 991 238 1081 est,
263 1018 372 1090 quum
399 992 436 1065 id
457 995 567 1065 Anno
587 995 725 1066 tantism
748 1000 929 1071 DCCCL.

171 1090 396 1191 contigerit.
438 1092 562 1190 Itaque
601 1092 816 1170 statuendum
858 1099 929 1197 jam

1034 589 1193 664 Accedat
1221 613 1312 661 nunc
1333 589 1480 662 alterum
1501 590 1703 676 exemplum
1725 584 1794 657 im·

1034 690 1221 766 munitatis
1256 715 1276 762 a
1315 687 1547 772 Manfionarico
1581 691 1616 762 ὃ(
1645 691 1795 773 Pataris,

1034 791 1211 867 concessae
1245 786 1426 862 Ticinenfi
1468 787 1683 863 Parthenoni
1710 795 1796 864 San-

1035 893 1112 966 &ae
1163 889 1303 964 Mariae
1356 890 1569 979 Tbeodstae,
1613 916 1706 965 nunc
1758 890 1799 959 de

1035 995 1205 1082 Pasieria.
1257 990 1365 1090 Apud
1405 1017 1460 1064 cas
1506 988 1798 1065 Sanbiimonialcs

1036 1093 1293 1195 autographum
1312 1117 1378 1191 ego
1397 1090 1560 1191 inspexi;
1588 1108 1694 1188 atque
1714 1091 1800 1164 hinc

170 1195 311 1268 tandem
361 1192 482 1275 vides,
524 1196 706 1290 Rrrr'gum‚
747 1225 817 1271 non
845 1203 930 1270 vero
1037 1195 1222 1295 suppetet,
1265 1194 1356 1268 unde
1405 1192 1586 1291 Epochsm
1633 1190 1800 1292 Hugonis

170 1297 326 1382 Roriam,
363 1312 423 1368 aut
450 1295 600 1384 Rofium,
642 1299 751 1371 Anno
780 1303 933 1374 DCCC-
1036 1299 1072 1369 δι
1099 1294 1266 1373 Lothcrii
1305 1299 1440 1394 Regum
1476 1292 1602 1368 ltaliae
1640 1296 1800 1369 luculen-

172 1400 253 1471 LV.
281 1396 474 1469 Patavinae
514 1395 688 1498 Ecclefiae
722 1399 932 1497 praeluiffe3
955 1401 997 1480 4ss
1038 1397 1112 1471 tius
1137 1396 1342 1496 intelligas.

170 1499 204 1570 8<
231 1523 275 1570 ex
301 1495 368 1570 hoc
395 1496 472 1596 ipso
493 1499 701 1597 Diplomste
720 1498 853 1575 firmari
874 1502 964 1574 ve-l
1006 1499 1019 1570 l

171 1744 472 1860 Privilegiorum
506 1750 737 1839 Monasterii
768 1755 931 1841 Sanblse
964 1750 1120 1838 Mariae
1150 1746 1388 1836 Theodorae'
1417 1719 1644 1836 Ticinenlis
1664 1750 1805 1836 confir-

231 1868 357 1950 matio
386 1864 488 1952 labia
517 1874 567 1952 ab
598 1875 777 1980 Hugone¹
802 1877 841 1955 dr
873 1875 1065 1958 Lochario
1096 1869 1269 1981 Regibus
1301 1867 1463 1978 Italiae,
1494 1875 1616 1954 Anno
1645 1900 1672 1977 9
1681 1900 1747 1980 3²·

172 2097 259 2279 IN
282 2097 405 2166 nomine
424 2097 558 2189 scoliae
582 2101 629 2180 ἐφ’
650 2100 841 2173 individuae
859 2104 936 2174 Tri·
1044 2103 1210 2175 mobilibus
1243 2123 1337 2197 atque
1378 2096 1591 2171 immobilibus
1630 2101 1720 2174 rebus
1744 2105 1806 2173 ad·

245 2198 384 2269 nitaris.
425 2203 520 2293 Hngo
546 2198 593 2278 (φ
619 2203 793 2274 Lorbarius
816 2204 937 2278 divina
1045 2203 1170 2299 quifiris
1203 2200 1251 2280 (θ’
1286 2200 1493 2296 adquirendis
1518 2200 1612 2294 usque
1637 2200 1671 2270 in
1703 2198 1808 2291 finem

167 2293 300 2386 flavente
326 2299 490 2368 clementia
515 2308 639 2396 Reges.
666 2303 706 2372 Si
727 2305 808 2375 circa
827 2307 937 2396 servos
972 2306 1133 2392 Cvitse
1152 2304 1231 2395 suae
1256 2322 1361 2376 tenear
1385 2321 1480 2397 atque
1502 2301 1677 2397 possideat.
1714 2300 1807 2391 losu-
1918 2385 1920 2389 ι

173 2396 220 2474 (³7
253 2400 390 2470 ancellas
424 2401 490 2470 Dei
525 2403 559 2473 in
600 2405 837 2476 venerabilibus
863 2408 937 2478 locis
1042 2428 1099 2497 per
1135 2404 1231 2476 eriam
1268 2401 1487 2494 confirmamus
1526 2427 1628 2473 omnes
1655 2427 1702 2471 res
1728 2405 1808 2498 qna-

168 2498 387 2586 somniantes,
415 2500 560 2573 mirionis
586 2504 705 2589 nostrae
729 2506 936 2602 magnificen-
1039 2507 1185 2600 stumque
1219 2504 1300 2574 idem
1341 2502 1569 2589 Monaslerium
1610 2503 1702 2596 longo
1727 2524 1807 2573 tenr-

173 2601 253 2670 ts'am
264 2646 274 2678 ‚
317 2602 430 2684 noslros
465 2601 681 2697 predecessores
719 2607 936 2691 immitanres,
1043 2629 1115 2698 pore
1133 2605 1306 2695 dinoscitur
1327 2600 1486 2697 possedisse
1504 2634 1525 2676 a
1543 2605 1692 2699 Gregorio
1711 2602 1808 2692 ipfius

176 2701 371 2770 clementiam
398 2701 630 2790 impendimus,
658 2703 706 2784 &¹
731 2731 809 2804 aput
835 2698 944 2781 Deum
1046 2709 1239 2793 Monasleris
1259 2705 1454 2797 fundatore,
1482 2703 1560 2791 idoli
1587 2708 1670 2774 inter
1692 2725 1809 2779 ceteras

174 2802 306 2871 veniam
329 2807 516 2894 promereri,
546 2807 589 2876 θ’
615 2809 726 2904 Regni
752 2809 848 2897 noslri
865 2812 936 2896 sla·

1046 2833 1092 2879 res
1118 2813 1258 2896 Campus
1283 2807 1418 2878 Zavani
1427 2853 1438 2887 ,
1479 2831 1568 2900 quem
1605 2805 1671 2896 ipse
1710 2831 1812 2901 quon«

172 2919 240 2972 tum
265 2901 385 2974 divina
410 2924 465 2993 ope
498 2903 612 2994 fulciri
638 2935 698 2979 non
724 2909 936 3005 ambigimus.

1045 2910 1121 2980 dam
1147 2908 1234 2979 tanti
1273 2906 1459 2993 Monaslerii
1493 2906 1649 2996 sisndator
1687 2927 1809 2998 eompa-

174 3002 322 3073 Omnium
347 3000 448 3097 igitnr
464 3002 617 3095 fidelium
636 3008 771 3100 sanblae
790 3011 854 3082 Dei
873 3017 938 3082 Ec·
969 3037 974 3046 ·
1043 3009 1134 3081 ravit
1160 3036 1181 3080 a
1206 3014 1329 3078 Torone
1363 3009 1407 3076 Θ·
1432 3007 1607 3078 Laurentio
1641 3034 1708 3078 cum
1744 3013 1810 3078 Ec·

175 3102 302 3187 clefim,
329 3103 575 3201 nostrorumque,
608 3111 797 3205 presentium
819 3113 939 3203 scilicet
1043 3107 1136 3194 alesta
1160 3109 1195 3178 in
1221 3109 1330 3178 bonore
1368 3106 1505 3179 sorellae
1540 3106 1693 3189 Mariae,
1732 3131 1811 3204 quae

174 3231 210 3274 ac
231 3205 411 3294 sururorum
438 3209 563 3277 noverit
589 3208 767 3296 industria,
803 3213 940 3308 qualiter
965 3235 1010 3302 >D
1043 3209 1162 3279 dicitnr
1186 3197 1408 3285 Corbellaria‚
1435 3203 1482 3283 ἐν
1507 3208 1579 3278 alia
1605 3207 1745 3292 Ecclefia
1772 3210 1807 3277 in

177 3301 372 3400 sigefredus
398 3305 593 3377 venerabilis
630 3309 846 3406 Episcopus,
892 3310 939 3388 r&
1043 3310 1154 3379 bonore
1188 3304 1305 3377 sonori
1340 3305 1520 3385 Vincentii,
1548 3306 1582 3376 in
1608 3307 1695 3387 loco,
1731 3331 1811 3402 quas
1838 3376 1841 3380 ,

176 3401 335 3493 Samson‚².
380 3401 475 3486 noslri
522 3404 717 3501 dilebls'simi
753 3411 942 3496 Coastliarii
1043 3407 1162 3480 dicitur
1188 3403 1396 3499 Venerosoffs,
1421 3405 1598 3502 crudisque
1623 3407 1701 3478 aliis
1720 3410 1811 3479 rebus

175 3499 339 3574 obtutibus
381 3502 500 3587 noslrae
537 3505 726 3594 Maseslatis
761 3513 941 3584 obtulerunt
1044 3509 1079 3579 in
1104 3505 1249 3578 omnibus
1274 3509 1348 3578 loris
1382 3528 1477 3604 arque
1502 3505 1668 3578 vocabulis
1708 3508 1809 3579 eidem
1940 3553 1944 3557 -
1988 3531 1994 3546 ·

175 3610 375 3693 Preceprum'
396 3604 496 3674 divae
534 3609 698 3682 memoriae
740 3611 938 3686 Hlodovici
1037 3607 1152 3701 sanilo
1177 3608 1330 3679 Coenobio
1354 3636 1375 3679 a
1401 3628 1491 3678 tanto
1511 3608 1698 3698 sandaroris
1719 3608 1812 3696 insli-

175 3702 404 3802 Impcratoris
439 3705 542 3790 noslra
573 3713 693 3798 pietate
728 3713 876 3788 collatum
902 3713 937 3784 in
1044 3730 1145 3780 rurore
1169 3709 1305 3801 conceffis
1339 3711 1378 3779 de
1409 3706 1486 3800 jure
1521 3729 1717 3801 parentum,
1751 3710 1810 3802 serr
1921 3698 1929 3715 ⁸

177 3805 371 3890 Rixindam
416 3806 638 3884 Abbatillam
692 3812 938 3894 Monasterii‚
1047 3811 1091 3881 0·
1117 3809 1309 3897 drrallms
1345 3807 1519 3881 'radbt'vnt
1544 3818 1694 3906 Regum»
1729 3811 1812 3882 alit·

176 3909 259 4003 qnod
283 3905 401 3977 dicitur
426 3903 653 3998 Theodotus,
672 3911 736 3997 fito
763 3914 850 4004 insta
877 3920 939 3987 Ur·
1047 3935 1175 4006 rumque
1218 3910 1377 3981 bominum
1428 3911 1656 4001 comparatione
1694 3936 1813 4011 quoqne

176 4012 244 4080 bem
269 4006 485 4098 Ticinensem,
513 4011 702 4102 suppliciter
723 4014 939 4103 pullulantes,
1048 4035 1307 4108 quarumcumque
1326 4011 1480 4106 legalium
1498 4011 1716 4109 conscriptione
1729 4020 1812 4088 Cat·

177 4130 214 4179 ut
241 4108 353 4178 iterum
379 4109 414 4178 in
442 4105 660 4194 Rixindam,
687 4141 766 4208 qnae
791 4143 872 4186 nunc
896 4117 940 4202 esl
976 4130 1005 4202 Ε
1048 4134 1177 4192 rarum,
1202 4132 1261 4182 ant
1285 4112 1389 4204 poslea
1411 4133 1615 4204 pretaxatam
1641 4112 1811 4186 venerabi-

177 4209 212 4281 in
238 4211 341 4281 erdem
376 4207 530 4281 Coenobio
568 4212 755 4294 Abbatilss
791 4214 942 4301 fimiliter
1049 4206 1110 4285 lem
1136 4211 1365 4300 Monaslerirrm
1391 4243 1413 4284 a
1437 4214 1529 4284 donis
1567 4221 1695 4307 Regum
1720 4232 1814 4309 arque

178 4310 314 4398 nostrum
337 4311 547 4383 emitteremus
571 4320 771 4411 Preceptum.
798 4324 941 4413 Quorum
1049 4320 1274 4405 Imperatorum
1298 4311 1533 4404 predecessorum
1560 4314 1749 4399 nostrorum,
1775 4341 1814 4385 a·

176 4414 318 4502 precibus
356 4411 455 4499 nostre
489 4413 685 4498 celfitudinis
721 4417 862 4490 animum
888 4420 940 4490 in-

181 4514 353 4595 clinantes,
392 4517 447 4585 boc
481 4514 693 4587 immunitatis
719 4518 838 4605 noslrae
864 4526 941 4590 Pre-

183 4635 298 4706 ceptum
322 4613 472 4706 conscribi
491 4615 657 4710 staffines,
689 4640 747 4714 per
771 4623 852 4716 quod
876 4647 940 4690 om·
975 4701 985 4711 .

185 4715 258 4783 nino
274 4715 476 4806 precipientes
487 4719 658 4810 jubemus,
684 4740 721 4791 srt
736 4724 843 4793 eadem
862 4719 940 4795 Al-

183 4809 329 4904 barissam
352 4819 473 4912 ‚degens
506 4818 567 4910 sub
592 4820 701 4919 regula
735 4822 851 4896 Sandi
876 4829 940 4895 Be-

183 4910 306 4985 nedis‘li
332 4914 367 4983 id
392 4920 617 5003 Monaslerium
641 4949 708 4995 cnm
734 4923 879 4995 omnibus.
903 4952 941 4993 a·

182 5014 355 5111 djacentiis
376 5013 450 5107 jure
475 5017 520 5095 (φ
543 5023 691 5117 legaliter
710 5026 940 5125 pertinentibus

1049 4415 1223 4510 limumque
1263 4415 1458 4506 diversorum
1497 4414 1657 4482 bominum
1683 4413 1814 4510 emptio-

1050 4543 1109 4597 ne,
1133 4515 1326 4595 donatione,
1357 4513 1512 4604 fidelium
1538 4539 1654 4609 quoqne
1679 4515 1813 4588 oblatio-

1051 4643 1110 4698 rse,
1135 4615 1329 4694 traditione,
1355 4614 1605 4709 comparatione,
1645 4640 1815 4703 consumem-¹
1921 4654 1925 4661 -

1051 4716 1155 4798 tione,
1195 4711 1425 4787 libellariorum
1437 4764 1450 4797 ,
1477 4713 1706 4816 ¹costarumque
1744 4746 1814 4791 con-

1044 4818 1215 4911 scriptione
1240 4815 1409 4913 adquefiris
1425 4844 1445 4905 ,·
1487 4845 1524 4890 ac
1569 4819 1712 4916 deinceps
1734 4816 1816 4909 suste

1046 4917 1095 4996 ὅθ’
1121 4917 1269 5014 legaliter
1287 4920 1455 5016 adquirere
1471 4920 1630 5014 potuerit,
1656 4916 1816 5011 tranquil·
1943 4938 1945 4942 ⁴

1049 5020 1079 5090 lo
1104 5017 1174 5103 iure
1196 5039 1254 5107 per
1279 5020 1483 5111 hsc‚nostrae
1507 5016 1708 5094 aulloritatis
1736 5021 1816 5127 Pte,-

1092 5121 1124 5188 G
1154 5142 1174 5188 2
1716 5141 1767 5187 ce·
