4216 6014
307 333 386 438 167
606 326 1019 451 curruum.
1064 290 1304 421 nourr
1341 329 1519 420 auur

1737 345 1818 428 168
1898 407 1909 419 .

238 442 300 511 lll.
330 442 498 515 Kalendas
523 447 737 542 Septembris,
764 451 938 548 imperante
950 453 1003 543 se·
1040 453 1074 525 A
1110 447 1291 540 seminare,
1320 475 1473 542 runcare,
1500 475 1686 543 carrucam,
1711 459 1765 525 vel
1789 476 1877 530 cete-

239 542 392 634 reniffimo
429 552 564 618 Henrico
600 554 656 622 Vl.
692 560 907 625 Romanorum
937 560 1003 628 lm·

235 662 402 737 peratore.

292 749 340 813 Er
365 772 420 842 ego
445 750 551 820 Guido
586 751 723 848 Melzi,
753 754 840 846 sacri
875 759 1003 830 Palatii

237 847 419 938 Notarius,
458 870 495 920 ut
524 854 625 942 [upra
650 855 789 948 legitur,
822 859 1002 955 praediilos

236 944 328 1031 telles
354 950 476 1045 recepi,
513 950 560 1030 &⁹
584 954 694 1052 leripfi
706 1014 717 1048 ,
755 960 799 1028 θ
824 964 869 1033 ad
891 984 1000 1057 perpe·

237 1065 326 1117 neam
353 1052 530 1123 memoriam
564 1056 604 1124 de
630 1062 781 1132 mandato
812 1061 883 1153 jam
916 1063 1001 1135 diiii

236 1145 415 1232 Callellaui
441 1154 485 1220 U·
509 1157 677 1230 volumtate
709 1163 869 1235 bominum
894 1165 1000 1238 Pricc·

236 1247 273 1316 ni
299 1248 334 1319 in
357 1252 519 1347 publicam
540 1256 676 1346 sormam
702 1266 827 1360 redegi.

1114 574 1152 621 ra
1176 551 1227 621 bis
1245 551 1372 637 stmilia
1397 582 1419 625 a
1443 558 1565 650 Populo
1589 574 1648 644 per
1672 554 1791 645 easdem
1816 560 1879 629 vel

1113 651 1199 722 alias
1224 654 1468 726 machinationes
1491 657 1612 749 exigere
1628 656 1880 751 consueverunt,

1114 777 1173 822 non
1199 758 1327 827 tanrbm
1351 758 1394 828 ab
1420 756 1663 846 Ecclefiallicis,
1693 757 1754 848 sed
1776 788 1798 831 a
1823 785 1878 830 re-

1112 853 1198 950 liquo
1222 859 1343 945 Populo
1368 858 1552 954 exigebant.
1579 865 1673 953 Quae
1690 858 1796 931 omnia
1814 886 1877 956 nr-

1111 956 1159 1026 bis
1183 960 1226 1027 ab
1251 958 1336 1030 omni
1361 961 1484 1050 Populo
1504 958 1588 1051 jusle
1613 962 1800 1033 removenda
1824 960 1877 1052 es·

1108 1056 1140 1145 le
1174 1057 1345 1130 videntur.
1380 1061 1473 1155 ,Quia
1506 1060 1541 1130 in
1575 1059 1759 1157 quibusdam
1793 1061 1876 1134 locis

1111 1155 1144 1226 in
1170 1163 1297 1230 taurim
1334 1160 1408 1231 inde
1442 1164 1584 1258 Populus
1622 1157 1775 1257 opprcffus
1799 1161 1874 1252 est,

1111 1279 1147 1327 ut
1181 1261 1276 1330 multi
1304 1262 1389 1353 ferre
1424 1290 1484 1333 uon
1520 1264 1691 1351 valentes,
1728 1283 1785 1352 per
1811 1261 1877 1352 fu·

287 1350 353 1424 Sed
381 1377 516 1450 praeter
542 1359 706 1436 consueta
732 1389 838 1439 onera
865 1393 905 1440 ac
932 1369 997 1441 cri.
1038 1369 1066 1438 Β
1106 1386 1182 1454 gam
1208 1391 1229 1432 a
1258 1363 1404 1434 Dominis
1425 1366 1481 1435 vel
1506 1395 1527 1435 a
1552 1364 1701 1436 Patronis
1720 1363 1791 1454 suis
1813 1364 1871 1435 la·

234 1447 321 1524 buta
350 1456 437 1553 Regi
465 1457 607 1549 debita,
640 1489 729 1560 quae
755 1466 798 1540 ab
825 1467 997 1540 Exailori-

235 1553 294 1623 bus
314 1555 521 1651 Reipublicae
540 1560 818 1662 colligebantur,
841 1566 880 1642 ἃ
899 1595 996 1645 orae·

233 1669 290 1725 ter
317 1654 402 1737 illa,
429 1685 517 1755 quae
544 1663 652 1736 etiam
682 1668 867 1754 Ducibus,
895 1669 996 1743 Mar·

233 1751 447 1839 chionibum
474 1763 508 1833 δι
536 1766 742 1842 Comitibus
771 1770 995 1863 persoluenda

232 1875 334 1929 erant
348 1907 360 1940 ,
387 1887 458 1933 non
485 1862 624 1938 deluere
649 1869 741 1942 olim
768 1869 995 1948 incommoda

231 1957 304 2030 alia
344 1959 389 2031 ab
429 1960 507 2056 ipsis
550 1961 779 2062 Reipublicae
819 1970 995 2047 Miniliris

234 2059 374 2156 Populo
400 2059 532 2136 inlata.
574 2069 667 2140 Nam
695 2071 729 2142 bc
757 2070 819 2167 ipsi
847 2073 908 2147 sub
935 2102 995 2148 co·

231 2157 308 2233 lore
343 2186 383 2234 ac
423 2163 569 2242 nomine
609 2172 886 2267 consuetudinis,
926 2175 996 2250 five

1106 1460 1158 1551 pb
1177 1463 1275 1552 lunt,
1302 1461 1349 1542 du*
1372 1487 1472 1537 terrae
1497 1465 1584 1555 ipsae
1609 1465 1645 1534 irs
1662 1463 1876 1555 solitudinem

1109 1563 1251 1634 redallae
1269 1565 1372 1654 sunt.
1406 1563 1641 1636 Potentiorr'bus
1674 1583 1780 1634 autern
1813 1565 1877 1636 vel

1106 1661 1299 1749 ditioribus,
1326 1693 1364 1733 erc
1382 1665 1559 1758 spontanea
1583 1683 1687 1736 tamen
1714 1667 1877 1738 volunta·

1108 1784 1159 1848 re,
1194 1765 1250 1833 vel
1275 1786 1385 1836 mutua
1409 1763 1578 1835 diledlioue
1603 1763 1784 1834 volentibus
1813 1765 1878 1854 so-

1107 1862 1190 1934 latia
1225 1863 1240 1959 l
1260 1864 1344 1938 idest
1379 1865 1555 1963 jentacula
1592 1861 1630 1937 ἃ
1667 1862 1873 1967 convivia]

1105 1965 1261 2053 praestare
1295 1967 1429 2037 invicem
1465 1965 1594 2035 minime
1638 1961 1873 2060 probibemus.

1107 2068 1200 2139 Cum
1238 2067 1394 2141 moribus
1434 2083 1635 2163 temporum
1672 2061 1873 2141 nostrorum

1106 2169 1189 2239 baec
1218 2165 1296 2239 sunt
1323 2163 1557 2240 conferenda.
1583 2164 1640 2237 Est
1666 2166 1701 2237 bc
1729 2164 1872 2264 Episto-

231 2261 344 2352 Doni,
381 2283 441 2339 aut
467 2269 609 2351 solacii,
646 2291 687 2345 ut
713 2276 874 2375 afflant,
911 2306 996 2379 gen.
1032 2261 1067 2339 C
1106 2266 1140 2338 la
1175 2264 1326 2362 ejusdem
1364 2266 1487 2340 Caroli
1530 2262 1661 2365 'Magni
1697 2265 1740 2340 ad
1783 2268 1871 2367 Pip-

230 2377 305 2434 tem
342 2361 533 2464 subjestam
569 2371 679 2446 nimis
715 2379 809 2450 ultra
844 2406 992 2467 aequum

229 2466 451 2560 gravabant.
479 2469 660 2546 Interdum
688 2477 830 2574 quidem
859 2479 995 2555 olrlulle·

233 2564 319 2636 bant
347 2567 431 2639 boni
470 2569 675 2668 Principes,
714 2579 933 2676 publicisque
958 2608 994 2654 e·

231 2661 320 2734 tiam
359 2667 495 2763 legibus
530 2671 702 2770 ejusmodi
744 2677 867 2772 pellem
896 2707 994 2753 aver·

232 2763 373 2836 tendam
401 2769 595 2844 curabant:
626 2773 680 2847 sed
709 2801 779 2850 nou
807 2797 879 2852 tam
908 2780 993 2856 laci·

225 2862 261 2935 le
298 2891 426 2963 pravae
463 2869 734 2950 consuetudines
769 2879 926 2957 edomari
954 2908 994 2957 ac

86 3058 90 3064 ι
227 2963 327 3039 vinci
356 2966 389 3041 se
415 2967 551 3046 finunt.
589 2978 642 3049 Eo
670 2996 788 3054 autem
825 2984 994 3083 procelle-

226 3084 303 3148 rat,
342 3067 540 3163 imperante
565 3073 702 3152 Carolo
729 3085 892 3182 Magno,
929 3112 994 3183 pu·

1105 2366 1227 2464 pinum
1258 2367 1381 2440 Italiae
1412 2371 1541 2466 Regem
1569 2365 1687 2440 lilium
1716 2366 1814 2441 suum
1846 2395 1871 2444 a

1106 2492 1162 2540 me
1188 2466 1329 2550 recusa,
1367 2473 1459 2542 Part.
1495 2468 1544 2542 11.
1581 2470 1693 2541 Tomi
1730 2468 1758 2541 I.
1787 2472 1872 2544 Rec.

1105 2569 1331 2657 Italicarum,
1368 2596 1444 2666 pag.
1476 2593 1558 2642 112.
1597 2567 1638 2642 in
1672 2595 1740 2657 qua
1766 2568 1870 2688 opfi-

1106 2694 1182 2743 mus
1219 2669 1281 2744 ille
1308 2670 1483 2770 Augustus
1520 2668 1553 2744 le
1590 2669 1758 2776 accepisse
1793 2689 1873 2763 att,

1105 2773 1188 2860 quod
1211 2772 1316 2866 oquui
1344 2779 1469 2862 Duces,
1497 2770 1546 2850 df
1571 2797 1674 2841 corum
1691 2778 1722 2862 J
1724 2771 1873 2855 uniones,

1104 2871 1292 2958 Gallaldii,
1322 2873 1467 2960 Viturii,
1495 2869 1542 2949 (ἓν
1568 2874 1781 2962 Centenarii,
1809 2873 1872 2962 sess

1105 2972 1221 3066 reliqui
1255 2975 1515 3061 Minislcriales,
1556 2973 1741 3046 Falcouarir'
1753 3023 1765 3056 ,
1807 2980 1875 3046 Vc·

1106 3094 1248 3154 narores,
1276 3075 1349 3155 &a
1376 3075 1603 3159 mansionatica
1629 3076 1673 3144 (θ’
1693 3095 1874 3163 paraceres

227 3166 401 3245 blicorum
445 3172 647 3276 hujusmodi
690 3181 898 3260 helluonum
935 3185 992 3259 in.
1033 3176 1066 3244 D
1104 3176 1149 3247 da
1174 3175 1332 3270 accipiam
1359 3203 1420 3293 uon
1442 3178 1544 3294 Jplbm
1565 3175 1658 3269 super
1678 3173 1792 3246 liberos
1809 3177 1873 3245 ho·

225 3274 460 3371 temperantia
469 3327 481 3360 ,
521 3295 562 3352 ut
591 3280 716 3356 rustica
751 3311 856 3384 gens,
893 3285 991 3360 Serui
1106 3275 1228 3365 mim,
1248 3276 1308 3394 ill
1332 3298 1429 3350 ellam
1456 3305 1491 3348 m
1515 3274 1688 3394 Ecclffirh
1714 3270 1789 3352 &a
1810 3277 1875 3347 In·

225 3372 413 3488 praecipue
439 3403 479 3450 ac
508 3380 704 3463 Aldiones,
741 3387 848 3460 nimii
874 3389 992 3461 oneris
1099 3378 1194 3472 supet
1219 3379 1477 3473 bvmmtsulqut
1505 3379 1681 3470 servunt&
1707 3374 1871 3459 Eccltfia·
1952 3410 1954 3415 ·

96 3518 99 3523 -
226 3474 477 3563 impatientes,
497 3474 578 3571 fugi
593 3484 729 3554 caelum
747 3484 872 3559 mitius
887 3512 993 3583 quae·
1107 3504 1174 3547 rum
1202 3479 1234 3546 iu
1262 3505 1365 3547 eorum
1398 3501 1513 3573 opera,
1546 3477 1624 3564 litii
1659 3504 1693 3547 Μ
1727 3503 1836 3547 ’ΨΜ
1853 3530 1866 3567 s

225 3589 368 3659 serent,
404 3592 511 3669 atque
548 3603 651 3674 agros
690 3581 847 3656 incultos
883 3586 993 3659 relin—
1106 3574 1153 3654 g„
1179 3579 1323 3694 campis,
1356 3577 1412 3696 [cu
1435 3579 1567 3694 pratis,
1594 3607 1646 3697 ’ξπ
1672 3605 1732 3649 ”⁰²¹
1758 3578 1801 3667 θ’
1828 3605 1866 3695 {²³

227 3688 405 3768 querent.
441 3673 638 3753 Interceffit
674 3678 806 3776 inclyti
842 3687 992 3785 Augusti
1105 3703 1208 3777 eorum
1246 3676 1402 3796 aedificies
1443 3681 1514 3797 elios
1548 3679 1674 3769 factam
1715 3699 1834 3769 operare
1849 3705 1869 3748 .·

226 3770 476 3869 providentia,
514 3783 739 3884 promulgata
777 3788 872 3885 Lege
910 3810 993 3862 121.
1107 3778 1371 3897 D‘carnatccum·
1393 3781 1434 3849 (r
1461 3808 1573 3850 venum
1607 3803 1712 3852 contra
1746 3806 1867 3851 omnem

226 3873 323 3949 inter
350 3877 656 3975 Langobardicas‚
682 3913 789 3982 quam
817 3886 992 3986 integram
1101 3878 1261 3970 justinam
1281 3883 1386 3996 ‘'bf'‘
1404 3881 1545 3997 eaablare
1564 3910 1625 3952 ”vn
1645 3877 1774 3975 “lime
1795 3882 1867 3955 &⁶-

229 3991 386 4067 sepetere
430 3985 628 4079 argumenti
675 3985 778 4085 hujus
823 3989 994 4065 interest.
1106 3983 1204 4053 Haec
1240 4006 1361 4053 omma
1397 4006 1548 4098 omniun
1582 3976 1865 4056 emendanda&

228 4076 457 4168 Audivimus,
485 4080 627 4180 inquit,
653 4093 736 4180 qued
752 4091 906 4183 Μίμας
931 4091 994 4188 (i.
1032 4071 1061 4143 Ε
1106 4080 1309 4179 corrigenda
1345 4077 1497 4157 Carolus
1539 4085 1660 4183 jubet.
1704 4088 1744 4155 ln
1784 4083 1864 4180 lege

232 4185 302 4266 dest
337 4179 559 4282 familiares)
585 4188 768 4278 Comitum,
802 4197 857 4263 vel
890 4195 995 4289 aliqui

226 4285 377 4372 Minillri
412 4286 643 4383 Reipublicae,
673 4286 747 4372 fruc
782 4294 879 4363 etiam
914 4321 993 4363 non-

227 4393 312 4466 nulli
338 4388 477 4477 fortiorec
513 4390 601 4483 Vaffl
624 4392 809 4480 Comitum,
849 4394 991 4488 aliquam

227 4491 468 4563 redhibitionem
501 4489 516 4582 l
528 4490 605 4576 idell
640 4513 681 4568 ut
716 4520 781 4566 nos
815 4492 990 4577 dicimus,

223 4590 486 4690 contribuzione)
522 4595 577 4665 vel
616 4595 828 4667 collellionem
866 4593 989 4687 (nunc

227 4691 349 4787 Culta)
375 4692 506 4781 quidam
528 4717 585 4787 per
616 4697 764 4789 pallum,
800 4697 930 4793 quidam
957 4725 990 4768 e-

223 4796 306 4869 tiam
337 4789 405 4874 line
438 4791 554 4884 pollo,
590 4796 680 4887 quast
712 4800 933 4886 deprecando,
969 4826 991 4869 a

223 4894 347 4992 Populo
380 4894 502 4992 exigere
535 4892 680 4983 [oleant.
719 4899 879 4970 Similiter
913 4925 989 4994 qur·

226 5025 285 5094 que
309 5020 402 5096 opera
414 5047 428 5081 ,
464 4993 653 5068 cellellr'oues
680 4998 834 5097 frugum,
871 5027 989 5093 arare,

1105 4184 1259 4284 superius
1285 4183 1400 4258 adlata
1427 4187 1596 4278 usquein
1633 4184 1697 4257 bac
1725 4182 1866 4282 Episto-

1105 4289 1159 4366 la.
1186 4287 1357 4381 Angariae
1384 4287 1598 4384 potiliimum
1620 4288 1865 4376 recenlentur,

1104 4387 1231 4482 quibus
1257 4389 1476 4462 vexabantur
1502 4389 1599 4461 Servi
1624 4413 1663 4458 ac
1690 4386 1867 4501 Aldiones

1104 4487 1355 4562 Ecclefiarum.
1383 4489 1446 4561 Sed
1475 4515 1516 4560 ne
1542 4486 1689 4560 Liberos
1717 4487 1866 4599 quidem

1104 4587 1265 4663 homiues
1299 4591 1342 4661 ab
1378 4585 1577 4685 hujusmodi
1615 4583 1755 4682 flagello
1792 4609 1869 4658 rm-

1104 4717 1226 4764 muncs
1253 4688 1373 4762 abiille
1392 4687 1473 4760 inde
1493 4686 1751 4784 intelligimus.
1778 4688 1865 4763 Hoc

1105 4808 1221 4862 tamen
1249 4786 1462 4860 luculentius
1494 4785 1693 4861 hauriemus
1720 4814 1762 4861 ex
1791 4790 1866 4862 Le·

1103 4918 1146 4987 ge
1187 4891 1336 4962 xxxii.
1377 4887 1556 4962 Ludovici
1596 4892 1641 4962 11.
1686 4888 1865 4986 Augulli,

1102 5018 1163 5094 per
1188 5018 1245 5071 me
1271 4987 1390 5067 addita
1425 4991 1584 5094 Legibus
1616 4989 1867 5162 Langobprdi-

1736 5114 1769 5162 cc
1796 5142 1808 5162 .
