4216 6014
281 288 373 396 335,
609 266 979 376 nrssrmnrro
1007 230 1494 367 Vrcrsmnrrrnna
1722 304 1807 393 ero

227 397 349 487 eodem
388 391 552 472 Perficeti
586 389 992 467 transmeantem
1032 395 1065 466 A
1101 389 1164 487 qui
1191 415 1284 464 nunc
1310 389 1575 490 adeoimparts
1600 387 1705 483 net,
1740 392 1860 491 justam
1968 430 1970 435 ·

222 491 447 591 'Mutinensem
475 493 700 596 spebiabant.
738 497 848 567 Porro
878 517 990 591 quou-

228 597 312 700 sque
339 598 373 673 se
400 600 624 699 protenderet
647 592 748 694 regio
772 594 857 684 ista,
883 594 992 667 intel-

227 701 319 800 liget
354 697 523 798 quilque,
560 696 741 796 Oppidum
777 694 897 769 Sanni
933 699 992 784 Jo-

227 798 356 877 bannis
393 827 485 875 nunc
519 799 748 901 recogitans,
789 796 993 870 Bononien-

228 899 316 976 fium
362 900 495 976 ditioni
536 898 761 1002 lnbjeiium,
801 898 897 996 quod
937 896 991 970 uti

229 1002 325 1078 intra
352 1000 437 1078 fines
476 987 619 1088 Perficeti
643 999 895 1089 aedificatum,
931 997 992 1072 ad·

229 1103 299 1178 buc
325 1130 454 1179 nomen
484 1103 597 1178 servat
622 1100 739 1176 Saniii
762 1100 931 1192 Jnhannis
956 1099 992 1170 in

1102 489 1262 565 videmus
1280 491 1500 566 observatam
1527 491 1627 568 fnisse
1645 494 1862 568 mensnram.

1102 595 1223 685 Quum
1272 598 1354 665 vero
1403 595 1629 694 Langobardi
1677 594 1861 671 Mutinam

1102 693 1245 767 Graecis
1274 698 1463 773 Ravennae
1497 695 1762 772 dominantibus
1788 695 1861 796 pri·

1103 821 1162 868 mo
1188 795 1414 896 eripuissent,
1449 819 1521 868 non
1548 795 1749 873 universnm
1776 823 1861 874 con·

1103 895 1206 971 tinuo
1232 896 1334 995 huius
1358 895 1533 975 Civitatis
1551 921 1671 996 agrum
1699 898 1762 972 fibi
1783 897 1862 973 sub·

1101 998 1239 1073 didere.
1269 1001 1403 1073 Verhm
1438 998 1680 1097 Liutprandus
1707 1001 1861 1097 (Paullo

1104 1102 1265 1175 Diacono
1301 1101 1382 1174 teste
1417 1100 1502 1178 Lib.
1536 1104 1573 1177 6.
1599 1104 1687 1201 Cap.
1721 1126 1783 1199 49.
1818 1101 1863 1175 de

228 1204 403 1290 Persiceto.
439 1205 482 1280 ln
510 1205 717 1301 Diplomate
743 1199 916 1276 Friderici
944 1203 992 1275 11.
1046 1248 1053 1262 ·
1102 1201 1192 1276 Gest.
1229 1203 1570 1303 Langobardorum)
1605 1204 1720 1288 Casina
1744 1205 1863 1276 ,Aemi-

227 1305 379 1405 Augusti
419 1307 509 1406 apud
553 1304 769 1406 Ugbellium
805 1304 927 1375 Tomo
956 1325 991 1373 a..
1040 1299 1069 1370 B
1101 1301 1184 1384 liae,
1221 1305 1435 1376 Feronianum
1471 1304 1485 1402 (
1503 1306 1580 1404 lege
1614 1304 1862 1402 feronianum)

226 1407 309 1491 Ital,
345 1412 437 1483 Sacr.
472 1408 511 1483 in
547 1401 837 1506 Arcbiepiscopis
873 1405 992 1475 Bono·
1102 1399 1149 1480 &¹
1176 1408 1321 1473 Mentem
1346 1407 1512 1489 Bellium,
1537 1413 1686 1488 Bueeta,
1710 1404 1758 1486 όν
1783 1412 1864 1478 Per·

226 1505 429 1598 nienlibus,
466 1507 698 1582 confirmatur
732 1503 892 1580 ilenrico
921 1506 991 1577 Bo·

227 1608 358 1685 noniae
394 1610 570 1710 Episcopo
605 1608 752 1697 Casinum
785 1605 900 1680 Saniii
924 1612 991 1695 Jo-

227 1711 343 1783 hannis
382 1713 417 1784 in
453 1714 620 1798 Perficeto.
656 1710 698 1786 In
734 1709 881 1807 antiqua
915 1705 992 1781 edi·

229 1808 332 1884 tione
357 1812 592 1887 Historiarum
629 1808 808 1886 Matthaei
837 1806 991 1883 Villanii

228 1909 314 1986 Lib.
342 1911 446 2011 prim.
474 1916 562 2013 Cap.
589 1917 650 1990 ⁶8.
675 1913 710 1983 δι
738 1908 830 2012 infra
857 1933 993 2000 memn-

227 2029 327 2086 ratur
352 2019 421 2085 San
448 2017 614 2087 Giovnnni
640 2014 674 2085 in
701 2011 775 2103 Cese
798 2041 838 2084 a.
866 2011 906 2083 ln
926 2037 992 2084 nu·

229 2113 384 2216 perrima
406 2112 564 2190 editione
583 2113 735 2213 ejusdem
784 2111 901 2210 peris,
916 2115 993 2185 To-

1096 1502 1194 1588 stceta
1212 1503 1357 1578 Graecis
1370 1505 1522 1603 eripuit.
1541 1507 1755 1582 Feronianum
1769 1533 1864 1584 nunc
1986 1530 1988 1535 '

1102 1606 1128 1676 il
1155 1610 1324 1701 Fregnano
1349 1604 1418 1680 five
1445 1607 1635 1703 Frignane,
1673 1607 1877 1685 Provincia·

1100 1705 1146 1780 est
1172 1704 1386 1782 Mutinenlis
1414 1712 1572 1784 Ducatus
1598 1708 1637 1784 in
1658 1709 1862 1793 montibus,

1102 1807 1313 1893 Bononiensi
1335 1836 1420 1908 agro
1439 1810 1682 1901 contermina,
1708 1812 1744 1884 dt
1764 1837 1864 1886 tom-

1101 1909 1255 2008 plebiens
1301 1914 1482 1986 sextulam
1529 1911 1681 1988 ditionis
1724 1931 1862 2012 caput,

1100 2017 1307 2103 Fananum,
1333 2040 1374 2088 ac
1401 2012 1552 2112 plurima
1579 2015 1650 2090 alia
1677 2013 1795 2090 Castra
1821 2011 1862 2090 δι

1101 2115 1252 2188 Villas.
1292 2115 1459 2187 Friniates
1498 2117 1648 2214 Ligures
1689 2142 1709 2191 a
1749 2114 1863 2193 Livio

231 2241 293 2288 mo
323 2218 420 2289 xlv,
448 2220 527 2290 Rer.
557 2215 675 2291 Italic.
704 2212 827 2303 monui
862 2212 900 2286 in
928 2239 991 2285 no·
1032 2230 1065 2302 ρ
1099 2233 1344 2298 memoratos,
1383 2215 1437 2290 ibi
1473 2220 1623 2313 potius,
1657 2220 1763 2320 quam
1800 2216 1865 2293 ubi
1933 2297 1936 2306 ,

230 2315 307 2407 tis,
344 2315 591 2391 florentinum
633 2314 804 2392 Codicem
846 2316 992 2386 MStum

231 2416 403 2518 praeferte
428 2426 497 2493 San
524 2419 692 2492 Giovanni
716 2417 750 2487 in
773 2440 832 2513 per
857 2416 993 2506 Cesena.

231 2517 297 2592 Sed
335 2521 523 2618 utrobique
558 2539 741 2619 corruptus
780 2517 828 2591 est
866 2519 993 2617 locus3

229 2617 355 2718 ibique
380 2619 630 2696 restituendum
665 2629 735 2694 San
769 2619 934 2694 Giovnnni
960 2620 995 2690 in

230 2721 409 2807 Persiceto.

280 2826 336 2898 En
355 2849 440 2924 ergo
465 2822 528 2923 qui
552 2823 645 2900 olim
672 2816 788 2897 forent
815 2820 901 2897 fines
921 2824 996 2896 Co-

230 2922 380 3001 mitatus
416 2923 655 3002 Mutinenfis.
690 2924 837 2998 Scilicet
872 2921 995 2996 saltem

231 3024 398 3101 Samodia
425 3024 616 3111 fluviolus,
641 3052 735 3103 nunc
762 3027 797 3100 la
815 3031 997 3118 Samarra,

1099 2317 1289 2392 Cluverius
1303 2317 1537 2414 opinabatur,
1556 2318 1747 2416 quaerendi
1762 2318 1862 2393 lunt.

1099 2417 1132 2492 li
1159 2444 1289 2493 nornen
1316 2417 1454 2519 regioni
1481 2419 1631 2511 dediffe,
1664 2438 1727 2496 aut
1754 2421 1796 2495 ab
1822 2446 1864 2494 ea

1100 2519 1266 2618 accepille
1281 2518 1466 2594 videntur.
1486 2526 1585 2594 Mons
1601 2523 1749 2604 Bellias,
1768 2548 1862 2595 nunc

1100 2626 1216 2692 Monte
1242 2623 1373 2718 Vegiio,
1400 2621 1457 2696 seu
1485 2627 1599 2694 Monte
1625 2625 1706 2705 Vin,
1742 2623 1863 2696 Bono·

1100 2720 1273 2797 niensrbns
1293 2723 1492 2820 antiquitus
1511 2725 1779 2818 obtemperans,
1806 2720 1864 2798 sed

1100 2823 1223 2918 aliquo
1262 2825 1370 2898 etiam
1411 2845 1570 2924 tempore
1603 2823 1865 2900 Mutinenfium

1101 2923 1263 3020 potestati
1298 2925 1475 3000 obnoxius
1515 2925 1611 3000 fuit.
1650 2931 1703 2999 De
1740 2934 1864 2998 Buxeto

1102 3023 1187 3098 haec
1220 3023 1328 3098 habet
1362 3024 1506 3101 Clariis.
1534 3026 1603 3100 Vir
1633 3023 1762 3124 Gaspar
1798 3030 1864 3100 Be-

230 3125 475 3204 Mutinensem
503 3155 624 3230 agrurn
652 3155 673 3203 a
700 3124 912 3202 bononiensi
942 3126 998 3198 di·
1035 3120 1071 3189 D
1103 3145 1214 3200 rettus
1234 3124 1432 3200 Monachus
1452 3125 1701 3201 Benedibiinus
1721 3127 1759 3200 in
1782 3127 1866 3200 Dis-

231 3227 401 3304 videbat.
426 3231 544 3305 Immo
571 3230 611 3303 in
630 3225 889 3302 Mutinenstnm
917 3251 998 3325 por·

232 3328 335 3402 tione
372 3329 637 3427 relinquebatur
662 3327 871 3407 Badiannm,
907 3350 1000 3399 nunc

236 3433 399 3523 Bnqznno
411 3477 424 3510 ,
453 3454 532 3503 cum
560 3426 701 3528 integro
730 3431 824 3527 Pago
852 3423 1000 3501 Perlicc·

233 3528 288 3617 ti,
326 3529 586 3628 complciiente
613 3532 879 3608 Nonantulam‚
914 3532 1000 3601 San-

234 3629 333 3704 bium
375 3627 609 3723 Caesarium,
650 3634 781 3705 Zeuam
822 3633 999 3719 Curtem,

234 3730 430 3807 Pansanum
443 3783 456 3816 ,
482 3733 640 3807 Castrum
661 3731 780 3808 sanni
806 3728 998 3821 Iohannis,

234 3833 389 3934 aliasque
416 3833 533 3908 Villas
569 3836 603 3906 δι
640 3833 811 3915 castella,
846 3856 998 3930 quorum

229 3960 301 4009 non
331 3935 509 4010 modicam
549 3955 683 4036 partem
720 3930 998 4007 Bononienfium

233 4034 397 4135 potentia
437 4035 558 4111 sensim
600 4037 639 4110 in
679 4035 785 4115 suam
822 4034 999 4108 ditionem
1037 4022 1062 4088 E

233 4135 348 4238 postea
382 4139 551 4239 redegit,
586 4163 658 4210 non
694 4133 886 4211 Comitatu
922 4152 1001 4208 tan·

232 4239 444 4329 tummodo,
471 4239 528 4315 led
556 4236 595 4313 dc
623 4235 782 4312 Dioecefi
810 4236 998 4311 Mutinen-

233 4336 318 4414 fium
361 4341 584 4423 imminuti,
623 4338 896 4414 reclamantibus
937 4364 999 4412 ne·

234 4442 427 4542 quidquam
455 4442 742 4521 Mutincnlibns.
772 4441 998 4514 Praetermit-

235 4559 306 4630 to,
342 4570 385 4619 cx
421 4547 503 4621 aliis
539 4541 781 4619 monumentis
818 4540 998 4625 indicari,

237 4644 330 4717 ultra
355 4648 555 4725 Samodiam
579 4646 618 4721 in
645 4643 882 4744 superioribus
909 4645 998 4719 locis

235 4745 422 4820 excurriss'e
450 4751 540 4825 olim
569 4748 718 4824 nostrum
748 4750 998 4821 Comitatnm.

235 4847 479 4941 Quamobrem
508 4850 546 4922 in
573 4848 760 4925 statuendis
786 4844 876 4920 olim
915 4847 997 4922 fini-

235 4948 299 5028 bus
338 4947 436 5023 inter
474 4953 673 5125 Bononiam
711 4975 751 5026 ac
790 4948 998 5044 Mutinam,

335 5058 425 5130 Your.
454 5059 473 5128 1
502 5106 512 5127 .

1104 3225 1220 3301 serrat.
1248 3226 1536 3326 Cbnrngranhica
1572 3226 1762 3327 praeposita
1788 3231 1866 3303 To-

1104 3353 1165 3402 mo
1192 3332 1237 3402 x.
1264 3331 1344 3402 Rer.
1371 3327 1598 3417 Italicarum,
1625 3327 1779 3403 Section.
1807 3353 1868 3425 14.

1103 3435 1143 3502 In
1168 3455 1245 3526 agro
1270 3429 1471 3514 Mutinensi,
1496 3432 1552 3502 vel
1575 3429 1786 3515 Bononiensi,
1808 3431 1867 3523 ju·

1103 3552 1161 3604 eta
1177 3531 1331 3604 Paullum
1349 3528 1396 3608 θ’
1414 3530 1582 3627 ,iigenium
1607 3535 1691 3604 torus
1708 3531 1751 3618 eli
1768 3557 1866 3628 quae·

1103 3638 1237 3704 render.
1264 3634 1312 3705 Et
1339 3630 1488 3706 merito:
1526 3633 1761 3730 nequeenim
1789 3632 1864 3708 veri

1103 3733 1245 3808 videtur
1280 3731 1421 3816 finite,
1463 3740 1649 3827 Buxerum,
1683 3732 1785 3809 hrum
1822 3734 1865 3809 ad

1105 3834 1238 3910 Padum
1265 3835 1360 3910 inter
1381 3834 1600 3910 Placentiam
1619 3862 1659 3909 ac
1681 3839 1866 3928 Parmam,
1932 3884 1934 3888 -

1104 3936 1183 4012 heic
1209 3933 1399 4036 designari.
1436 3932 1540 4026 Cur,
1575 3935 1729 4036 quaeso,
1764 3940 1864 4012 locus

1105 4036 1226 4136 exigui
1255 4037 1412 4114 nominis
1447 4039 1760 4138 Langobardorum
1789 4040 1865 4111 vim

1105 4139 1304 4240 effugiiiet,
1338 4165 1446 4238 quum
1483 4139 1547 4240 ipsr
1574 4168 1657 4239 agro
1684 4137 1722 4213 δι
1751 4137 1866 4211 Urbi-

1106 4243 1169 4316 bus
1196 4240 1452 4341 circumpositis
1479 4238 1628 4340 pacifice
1649 4240 1771 4312 tandiu
1802 4263 1865 4310 an-

1106 4361 1162 4417 tea
1190 4341 1411 4441 potirentur?
1448 4342 1554 4437 Apud
1583 4366 1646 4413 nos
1673 4357 1792 4412 tamen
1818 4337 1866 4412 il-

1106 4443 1176 4520 lius
1205 4471 1334 4518 nomen
1362 4442 1447 4541 (uti
1473 4444 1516 4515 de
1543 4440 1624 4514 aliis
1659 4441 1750 4515 bene
1775 4443 1868 4516 mul-

1105 4547 1154 4623 tis
1193 4545 1345 4642 evenit)
1381 4561 1462 4617 ante
1502 4543 1684 4636 complura
1724 4546 1868 4619 Saecula

1105 4648 1272 4724 excidit.
1308 4643 1414 4740 Apud
1452 4641 1668 4718 Anastasrurn
1704 4643 1742 4720 in
1780 4647 1868 4722 vin
1931 4735 1943 4743 ,

1105 4748 1269 4851 Gregorii
1296 4746 1343 4822 II.
1368 4751 1477 4841 Papae
1502 4746 1652 4844 legitur:
1682 4747 1872 4846 Langobar-

1104 4856 1156 4924 dis
1175 4851 1339 4927 Aemiliae
1357 4850 1492 4941 Casina,
1519 4850 1740 4940 Feroniam,
1767 4854 1869 4921 Mon-

1105 4956 1244 5042 ecbelli,
1286 4955 1454 5029 Vernblnm
1492 4978 1560 5027 eunt
1591 4952 1664 5044 suis
1703 4946 1867 5039 oppidis,

1223 5056 1309 5129 Aa
1700 5054 1815 5128 Bnno,
