4216 6014
290 315 377 394 411
559 276 1005 399 ANTIQUIT.
1051 275 1310 370 MEDII
1352 274 1564 412 ΑΕΗ.
1722 291 1810 394 ’ω

225 391 357 485 salust,
381 399 581 473 haecomnia
602 397 768 496 praeditis
781 399 853 483 fiae
869 402 905 470 in
920 418 993 489 per·
1028 404 1062 477 A
1108 399 1252 472 modum
1288 393 1399 475 etiam
1439 392 1625 472 substabit
1644 401 1754 492 'flego
1789 408 1873 479 Due

230 515 360 590 petuam
375 500 480 593 firma
504 499 553 584 Θ
576 524 675 577 rata.
709 500 899 574 Praedissus
923 505 993 573 Da·

234 606 341 673 minus
379 605 528 701 Hugtrtit
555 605 640 677 hm
672 600 831 697 pagium
859 604 993 675 verium

232 705 325 774 dedit
344 703 528 798 scribendi.

288 811 356 878 Hor
390 804 501 880 assarna
538 807 585 876 ud
621 807 750 878 Picum
792 803 914 890 xillini
954 807 994 875 de

386 903 498 1000 Maffa
532 905 569 977 in
599 906 921 1004 praeseminatum
945 926 992 976 tr-

380 1007 514 1093 llium,
556 1007 677 1098 [tisim
714 1006 994 1103 Archipresbyteri

383 1108 635 1195 plerissimus·
667 1109 842 1190 Rainerr'r‘,
875 1107 995 1181 Domui

383 1209 527 1280 Galrerii
551 1211 672 1301 nepotis
706 1210 826 1281 Damni
851 1210 995 1304 Legati,

1107 498 1315 586 amicalia
1342 501 1400 573 vel
1427 495 1670 593 Lugdunensis:
1690 523 1780 594 quae
1807 530 1868 578 ae·

1107 628 1156 677 vo
1180 603 1249 677 illo
1279 600 1441 675 inaudita
1468 597 1576 682 sunt,
1610 601 1665 673 uti
1690 597 1729 673 dt
1754 629 1865 702 poena

1107 704 1393 779 inobedientibus
1432 699 1603 791 inditia,
1642 702 1868 801 persolvenda

1106 814 1252 878 Romane
1285 802 1438 892 imperio.
1480 807 1607 900 Neque
1633 808 1783 878 Annum
1818 805 1869 880 se-

1105 907 1259 979 cundum
1293 903 1478 1003 Epocham
1516 903 1771 999 Dionysianam
1813 933 1874 1008 ap·

1105 1032 1235 1104 ponere
1262 1024 1347 1079 tunc
1384 1004 1423 1078 iu
1450 1001 1513 1079 usu
1538 1003 1637 1098 suit,
1665 1025 1708 1080 ut
1742 1010 1814 1082 alia
1839 1035 1882 1082 o-

1105 1108 1270 1181 mittam.
1284 1105 1528 1200 Quamobrem
1544 1106 1775 1183 donationem
1793 1110 1876 1209 qui·

1105 1206 1184 1281 dem
1212 1205 1402 1305 praestabit
1437 1232 1508 1278 non
1541 1208 1700 1306 negarim
1730 1211 1878 1306 (Civi-

385 1310 510 1404 Bonzii
534 1317 573 1382 de
600 1312 692 1382 Valle
718 1313 864 1390 Variola,
893 1308 996 1399 Deus·
1030 1324 1060 1394 Β
1106 1326 1159 1381 tas
1178 1307 1308 1407 quippe
1332 1308 1397 1381 illa
1420 1305 1584 1380 exstitilie
1607 1307 1697 1383 olim
1724 1313 1876 1410 potuit)

381 1409 478 1500 salve
503 1417 543 1481 de
568 1418 735 1489 Carnona,
764 1407 934 1503 Deuffalvi
957 1410 998 1479 de

386 1512 518 1591 Plano,
544 1511 703 1583 Gnidonir
727 1513 768 1579 de
791 1507 937 1583 Canna.

285 1616 362 1709 Ego
376 1613 572 1704 Jabannes,
601 1610 688 1701 sarri
712 1610 842 1682 Palatii
866 1617 1002 1683 Latera·

391 1710 531 1802 ntnfis‚
570 1714 617 1782 G·
655 1712 840 1783 Communis
877 1710 1005 1807 Maffae

392 1814 575 1906 Notarius,
611 1814 664 1884 bit
695 1813 868 1904 natiuis
903 1815 1004 1884 inter·

388 1916 443 2006 fui
457 1965 469 1997 ,
506 1913 641 2010 scripsi,
675 1915 854 2011 complevi,
889 1915 934 1986 07
970 1915 1004 1984 iu

388 2016 707 2110 publicantium
732 2017 862 2114 redegi,
892 2017 935 2088 (9¹
957 2015 1006 2102 li·

387 2145 492 2214 gnane
516 2146 618 2190 meum
639 2118 751 2214 posui.

1108 1408 1163 1483 sed
1200 1407 1428 1508 pertinaciter
1460 1407 1680 1485 insistendum
1717 1439 1789 1487 non
1824 1414 1876 1489 est

1106 1509 1321 1585 documento
1355 1506 1414 1583 illi
1450 1504 1572 1582 saltem
1599 1511 1730 1604 dubio,
1757 1540 1876 1612 quan-

1106 1638 1213 1705 quam
1240 1610 1429 1710 Turrigius
1463 1636 1604 1709 quoque
1645 1615 1738 1688 Part.
1767 1639 1799 1689 a.
1831 1615 1880 1687 de

1106 1711 1237 1813 Crypt.
1264 1712 1429 1786 vatican.
1463 1709 1565 1785 illius
1595 1711 1791 1813 fragmenta
1821 1743 1885 1788 re-

1109 1814 1257 1903 tulerit,
1283 1812 1436 1906 scripta,
1461 1829 1501 1883 ut
1527 1812 1558 1883 is
1584 1812 1664 1901 ait,
1697 1815 1736 1885 in
1763 1815 1884 1910 parie-

1111 1932 1148 1988 te
1192 1912 1254 1987 sub
1299 1910 1439 2010 porticu
1477 1910 1687 1984 Monasierii
1725 1911 1884 2010 ejusdem

1114 2019 1249 2089 Romae
1284 2008 1410 2111 pofiti.
1448 2012 1542 2084 Nam
1580 2011 1745 2110 quamvis
1771 2013 1886 2090 dona·

1113 2114 1227 2190 tionis
1252 2113 1355 2213 hujus
1383 2111 1554 2191 memoria
1580 2132 1744 2188 occurrat
1769 2115 1882 2191 etiam

292 2218 470 2296 Civitatis
491 2245 634 2318 qunque
652 2220 858 2312 desederint
877 2244 1007 2292 nomen
1035 2224 1072 2302 C
1111 2216 1152 2291 in
1183 2213 1384 2290 Alexandri
1411 2218 1476 2287 1v.
1514 2217 1646 2298 Bulla,
1682 2216 1726 2290 ab
1760 2217 1884 2291 eodem

241 2323 283 2399 in
310 2321 539 2421 antiquorum
565 2320 807 2394 monumentis
829 2319 1009 2410 occurrit,

242 2450 264 2497 e
289 2427 389 2522 cujus
422 2424 535 2498 ruinis
560 2422 745 2520 Oppidum
771 2420 943 2495 Orbitelli
969 2420 1008 2494 in

243 2550 308 2595 ora
340 2524 446 2597 maris
471 2522 653 2615 Tyrrheni
688 2521 869 2597 surrexisse
897 2520 1009 2595 credi-

137 2680 140 2686 .
246 2639 324 2695 tur.
351 2627 407 2694 De
432 2622 499 2694 illa
516 2621 737 2695 mentionem
764 2621 869 2694 habet
888 2625 1009 2694 Beret-

248 2741 306 2796 tus
340 2721 381 2793 in
415 2747 526 2816 nuper
560 2720 711 2795 laudatis
745 2721 1009 2819 Prolegomenis

245 2849 325 2923 pag.
345 2845 429 2920 207.
454 2821 652 2922 Evulgarit
677 2820 788 2895 etiam
815 2822 1009 2920 Ugbellius

244 2929 355 3000 Toni.
382 2923 499 3023 ptimo
525 2925 607 2998 Ital.
633 2927 755 2998 Sacrae
781 2924 820 2998 in
846 2923 1009 3022 Episcop.

245 3024 479 3115 Ostiensibus,
502 3052 542 3100 ac
568 3024 696 3101 deinde
720 3023 948 3126 Margarinus
969 3026 1008 3098 in

1114 2317 1287 2417 Ugbellio
1312 2314 1435 2398 editi,
1472 2338 1580 2415 atque
1609 2319 1720 2391 altera
1746 2315 1789 2391 lit
1812 2318 1885 2394 mi·

1114 2419 1176 2507 lri,
1199 2416 1354 2492 nondum
1383 2420 1572 2516 evulgata,
1590 2418 1756 2520 Gregorii
1775 2422 1880 2494 VIII.

1115 2523 1251 2618 Papae,
1274 2517 1312 2591 in
1337 2544 1406 2617 qua
1430 2517 1526 2594 sacro
1549 2517 1665 2594 eidem
1686 2522 1769 2596 loco
1792 2546 1881 2594 eon·

1116 2619 1278 2694 firmatur
1310 2621 1443 2693 Civitas
1468 2623 1686 2714 Ansedeniae:
1718 2640 1882 2696 attamen

1115 2747 1225 2817 quum
1255 2719 1500 2837 subsequentgs
1526 2711 1648 2796 liuidae
1674 2720 1882 2797 innitantur

1115 2821 1346 2896 fundamento
1365 2825 1503 2897 incerto
1519 2824 1640 2896 Bullae
1655 2820 1791 2895 Leonis
1806 2825 1875 2896 111.

1116 2922 1355 3022 praelaudati,
1374 2923 1461 3020 quid
1481 2923 1567 3000 certi
1585 2949 1630 2997 ex
1647 2921 1742 2996 hisce
1759 2919 1875 3005 fluat,

1097 3051 1188 3098 'nnn
1215 3023 1341 3101 video.
1375 3022 1533 3101 Consule
1557 3024 1668 3099 etiam
1694 3025 1881 3098 Malavol·

208 3228 210 3232 v
247 3133 381 3205 Bullar.
410 3127 586 3207 Casinens.
612 3132 734 3204 Tomo
761 3153 795 3202 a.
828 3127 1010 3202 Constitu·
1043 3129 1077 3198 D
1116 3146 1195 3199 tum
1221 3126 1262 3200 in
1287 3125 1418 3201 Hister.
1443 3108 1579 3201 Seirens.
1606 3125 1690 3202 Lib
1721 3151 1755 3200 2.
1785 3130 1885 3202 Nam

248 3233 340 3306 tion.
367 3257 429 3326 25.
466 3230 638 3330 Diploma
672 3232 807 3306 Leonis
843 3232 908 3302 lll.
947 3234 1010 3301 Pa-

247 3360 340 3431 pae,
376 3332 569 3408 &Caroli
604 3331 733 3430 Magni
759 3330 1010 3428 Imperatoris,

248 3460 310 3530 per
335 3432 430 3526 quod
454 3432 562 3503 ambo
587 3431 744 3522 integram
768 3430 928 3503 eamdem
951 3437 1009 3503 Ci-

247 3532 406 3610 vitarem,
428 3555 511 3623 qaae
534 3531 577 3599 ab
602 3525 749 3596 omnibus
775 3551 908 3602 meatur
931 3535 1010 3601 Aa·

242 3629 394 3715 fidonia,
422 3628 556 3698 donant
582 3625 775 3719 Monaellerio
799 3633 836 3700 5.
862 3629 1010 3716 Anasta.

242 3729 289 3817 lii
297 3778 309 3809 ‚
343 3727 427 3824 quod
460 3725 504 3812 eli
533 3723 668 3823 pofitum
701 3734 747 3798 ud
770 3736 904 3824 Aquam
933 3732 1010 3802 sal-

247 3832 358 3904 viam.
386 3830 519 3904 Verium
547 3827 718 3925 Diploma
745 3827 836 3903 illud
862 3830 1010 3905 omnino

1116 3225 1141 3300 fi
1166 3225 1202 3301 ei
1228 3227 1293 3302 bae
1320 3228 1357 3302 in
1383 3254 1421 3302 re
1445 3227 1529 3301 fides
1555 3225 1738 3317 habenda,
1764 3229 1885 3303 Caro-

1116 3331 1171 3404 lus
1197 3333 1351 3429 Magnus
1378 3329 1527 3403 donarit
1551 3332 1588 3401 la
1612 3336 1716 3400 Tem
1742 3330 1780 3400 di
1805 3336 1887 3403 ‚Ae-

1110 3430 1240 3516 sadonia
1275 3430 1370 3504 Aedi
1405 3429 1518 3506 sacrae
1553 3429 1676 3504 santii
1712 3429 1886 3506 Anastafii

1116 3556 1187 3604 non
1224 3534 1329 3630 longe
1364 3531 1408 3604 ab
1432 3558 1480 3604 eo
1513 3534 1595 3605 loco
1631 3529 1783 3630 politae,
1811 3557 1884 3627 qua

1117 3636 1227 3704 Anno
1272 3636 1595 3708 mcccxxxv.
1638 3657 1658 3706 a
1702 3630 1882 3704 Saracenis

1117 3731 1266 3820 vastati,
1298 3736 1503 3808 Alexander
1527 3738 1591 3808 lis.
1617 3732 1690 3832 posi
1715 3732 1785 3806 duo
1821 3735 1884 3804 Se-

1117 3836 1196 3906 cula
1222 3834 1374 3930 ejusdem
1402 3833 1529 3909 sundos
1554 3836 1590 3908 dt
1626 3834 1703 3933 jura
1731 3833 1769 3907 in
1797 3831 1888 3906 Μοὲ

249 3927 514 4033 supposititium
548 3929 641 4006 milri
676 3929 842 4006 videtur.
884 3935 1009 4031 Ignota
1119 3933 1303 4007 nasierium
1340 3940 1542 4011 Romanum
1576 3933 1698 4011 Sanbii
1734 3933 1888 4009 Anasta-

251 4034 297 4108 esi
330 4033 497 4108 omnibus
537 4031 694 4128 antiquis
729 4033 918 4110 Historicis
955 4033 1011 4107 vi·
1043 4032 1069 4099 Ε
1119 4033 1158 4109 fii
1182 4035 1267 4108 delle
1302 4060 1349 4107 rte
1374 4043 1524 4111 fontane
1556 4036 1755 4113 transtulit.
1791 4035 1887 4111 Vide

250 4135 364 4212 iloria
382 4128 507 4208 Caroli
529 4156 574 4205 eo
596 4130 635 4203 in
658 4134 762 4224 loto,
780 4157 821 4211 ut
845 4136 898 4212 ibi
926 4134 1009 4210 scri·

251 4240 370 4333 bitur,
397 4262 469 4312 non
496 4231 567 4308 fine
590 4231 731 4330 ingenti
757 4237 930 4311 miraculo
956 4266 1010 4310 re·

249 4362 410 4440 portata.
443 4339 508 4414 Ab
543 4359 666 4412 eorum
702 4350 901 4430 temporum
937 4337 1007 4410 ritu

251 4443 435 4526 abhorret,
463 4461 541 4515 tum
570 4441 724 4538 Papam,
749 4453 826 4508 tum
857 4438 1009 4533 Impera·

251 4554 364 4614 torem
400 4540 588 4641 conjunsid
612 4537 830 4633 auetorirare,
858 4537 1006 4634 ejusmo-

250 4635 287 4708 di
310 4641 403 4714 dona
427 4641 563 4717 secisse.
589 4643 649 4718 Ad
672 4641 757 4716 haec
781 4639 930 4715 Carolus
948 4665 1009 4738 ap·

251 4736 404 4836 pellatur
436 4740 624 4833 magnificas
658 4740 707 4818 ψ’
731 4742 878 4838 praesen
909 4747 1009 4811 Rex:

251 4858 330 4913 tum
359 4836 393 4911 se
426 4835 614 4913 subscribit
639 4838 733 4913 hisee
759 4841 900 4915 verbis:
938 4847 1010 4937 Ego

250 4941 385 5017 Certim
417 4942 589 5042 Imperator
613 4939 808 5038 Augustae,
841 4945 1009 5042 quemad.

1119 4139 1265 4212 tandem
1294 4136 1506 4213 Chronicon
1539 4137 1753 4214 Monalierii
1794 4138 1890 4208 Vul-

1119 4237 1288 4356 turnenss
1315 4239 1354 4312 in
1388 4241 1534 4316 Samnio
1567 4238 1690 4358 politi,
1720 4235 1816 4334 quod
1849 4263 1890 4310 e·

1122 4342 1266 4438 vulgavi
1294 4344 1388 4416 Part.
1415 4367 1448 4418 a.
1470 4345 1583 4416 Tomi
1608 4365 1713 4438 prim.
1742 4342 1822 4409 Rer.
1852 4337 1892 4412 1-

1120 4440 1257 4515 talicar.
1278 4441 1333 4516 lbi
1355 4470 1433 4542 pag.
1453 4466 1536 4541 343.
1554 4440 1684 4541 Figura
1704 4443 1771 4510 Vl.
1789 4439 1893 4539 frag-

1122 4562 1280 4616 mentum
1317 4541 1632 4645 chorographitum
1659 4539 1813 4631 visitur,
1852 4543 1894 4616 in

1121 4668 1192 4741 quo
1229 4642 1361 4719 fluvius
1396 4646 1605 4733 exhibetur,
1642 4669 1746 4744 penes
1783 4668 1894 4741 quern

1121 4746 1213 4845 jacet
1229 4747 1461 4834 Monasterium
1484 4747 1601 4822 sandi
1619 4747 1728 4820 Petri.
1755 4748 1813 4820 Ex
1840 4748 1892 4818 al·

1122 4865 1195 4920 tera
1222 4866 1320 4947 parte
1346 4853 1426 4922 Urbs
1450 4850 1655 4939 Ansedonae.
1681 4851 1778 4922 Tum
1808 4850 1890 4919 Urbs

1122 4949 1250 5025 Fiden.
1284 4951 1324 5025 si
1358 4951 1597 5026 certb0nobis
1629 4948 1890 5120 innoteseqret,

1815 5071 1834 5121 e
