4216 6014
291 334 378 466 30,
541 303 1557 441 nrssnnrrrrorrcrsrnn
1719 369 1805 442 a„

232 469 310 544 lum
345 458 438 571 apud
472 462 692 570 bntiquinres
717 467 915 568 uestigium
942 491 997 540 re·
1029 476 1062 548 A
1101 463 1211 562 passos
1251 464 1293 535 ad
1329 489 1406 539 eam
1455 463 1684 540 donationem
1709 460 1865 543 'lacien-

234 561 420 671 perieblld
440 566 632 669 Illorgsnerp
652 566 775 646 redeo.
804 566 997 643 Proceden·
1100 562 1203 635 dam:
1248 561 1383 636 idcirco
1424 584 1466 641 ut
1501 566 1570 641 suis
1592 567 1698 667 ‘rebus
1725 568 1867 646 cautius*

234 686 273 761 te
299 688 458 773 ternpore
484 673 555 747 alia
580 672 671 772 apud
707 673 818 745 Italos
858 666 997 745 invehis
1101 660 1358 762 prospicerent,
1378 681 1458 737 ante
1477 664 1567 761 ipsas
1587 669 1729 769 nuptias
1747 669 1864 747 Char-

236 771 284 846 est
311 772 545 848 consuetudo.
585 777 683 847 Nam·
720 796 830 871 quum
858 769 999 869 praevii
1101 782 1173 836 tarn
1224 768 1418 862 Morginrap
1474 763 1537 836 fibi
1577 772 1872 849 conscribendam

235 874 454 973 experientia
479 874 650 948 Mulieres
670 871 899 971 didicelsent‚
920 873 996 970 plu-

234 998 290 1049 res
329 975 447 1056 viros,
486 972 666 1072 postquam
706 973 785 1049 sun
805 990 890 1047 vota
931 996 995 1043 nu·

236 1076 342 1174 ptiali
369 1074 472 1149 nosle
498 1079 737 1173 complerant,
773 1101 793 1148 a
820 1069 994 1172 pollicitis

1103 866 1293 938 curabant.
1322 870 1405 941 Non
1433 888 1539 937 unam
1566 892 1610 940 ex
1638 870 1732 948 hisce
1753 868 1867 951 Char-¹

1101 965 1148 1039 tis
1174 965 1246 1064 legi
1271 991 1338 1064 ego
1364 965 1403 1040 in
1430 966 1626 1041 Tabulario
1660 976 1868 1052 Canonico-

1102 1092 1179 1141 rum
1206 1064 1489 1159 Mutinensrum,
1517 1069 1572 1143 sed
1600 1096 1706 1146 unam
1727 1081 1869 1152 tantiam

234 1178 422 1267 recelliffe,
456 1200 580 1275 ‚neque
614 1175 772 1286 ¹amplius
810 1172 937 1271 adduci
953 1171 1033 1253 ,sel
1074 1162 1254 1242 ladleram
1279 1167 1363 1245 inde
1389 1166 1638 1268 depromtam.

294 1402 539 1514 Constitutio
564 1370 808 1540 ¹Morgincap
838 1361 939 1511 srsla
969 1452 992 1508 a
1024 1415 1206 1505 Gnidoto
1236 1417 1320 1507 filio
1349 1416 1502 1508 Villani
1540 1400 1810 1516 Nomenculae

317 1590 320 1595 ⁴
643 1654 646 1659 .
749 1543 903 1659 sponsae
933 1538 1045 1657 suae,
1074 1543 1195 1624 Anno
1231 1543 1357 1652 1185,

284 1785 320 1850 N
342 1720 467 1850 nomine
492 1777 624 1851 Domini
658 1720 756 1867 nostri
784 1775 867 1870 Jefu
901 1773 996 1846 Chriss
1022 1772 1076 1843 'B
1159 1724 1303 1845 Similes
1330 1768 1409 1846 sunt
1434 1774 1471 1848 d<
1497 1771 1588 1849 aliae
1611 1771 1769 1854 (treme
1793 1770 1901 1882 eju-¹.

234 1768 284 1959 I
301 1877 368 1966 sti.
419 1884 522 1950 Anno
569 1906 590 1950 a
629 1878 818 1950 Natiuitate
859 1874 997 1971 ejusdem

1109 1867 1201 1943 sdem
1221 1872 1408 1946 Tabularii
1418 1921 1431 1954 ,
1450 1873 1492 1947 in¹
1508 1876 1636 1972 quibus
1651 1879 1873 1958 animadver-

237 1968 479 2077 MCLXXXV.
497 1966 722 2073 quintodecimo
744 1977 913 2071 Kalendas
931 1981 1000 2048 De·
1110 1974 1215 2055 teris,
1251 1968 1467 2073 Morgincap
1502 1977 1672 2074 appellari
1705 1979 1873 2074 justitiam
1958 1972 1960 1976 ¹

151 2132 155 2139 -
236 2076 608 2160 eembris,··-Indisiirne
638 2083 700 2169 lsi.
727 2076 865 2152 Diluta
902 2077 1002 2151 ualde
1103 2071 1276 2164 srmndirm
1302 2081 1439 2171 Legem,
1473 2073 1526 2149 ita
1553 2094 1691 2151 utnon
1718 2084 1872 2182 amplius

235 2194 331 2276 etque
362 2178 516 2251 mediiis
529 2222 533 2229 ·
548 2174 630 2249 mibi
659 2178 1000 2277 [nuperaNomeneale

1110 2173 1334 2257 voluntaria,
1362 2174 1418 2251 led
1444 2176 1629 2251 necessaria
1647 2179 1786 2255 oblatio
1805 2185 1870 2261 illa

226 2279 309 2373 filia
325 2279 490 2373 Gursceni
514 2284 555 2351 de
590 2279 869 2371 Montielariculo,
904 2278 999 2348 bone-
1096 2271 1246 2349 -evasrsse
1273 2274 1455 2350 videatur.
1480 2277 1593 2352 Simul
1613 2278 1721 2353 etiam
1747 2283 1870 2383 depre-

227 2380 449 2471 sinisteriora,
475 2375 605 2478 Sponsa
631 2404 729 2454 mea.
765 2385 838 2478 Ego
872 2378 998 2476 quidem

127 2476 168 2507 '⁸'
235 2475 363 2552 irr²Dri
388 2480 512 2551 nemine
535 2481 696 2552 Gnidotut
711 2479 807 2573 filius
841 2485 998 2577 quandam

237 2579 350 2652 Vilani
384 2579 428 2652 lie
464 2577 609 2675 preditis
641 2581 724 2664 loen,
773 2577 997 2679 qui'proseffus
1107 2573 1163 2648 sed
1188 2577 1345 2673 Sponsae,
1373 2594 1480 2675 atque
1497 2577 1584 2653 adeo
1603 2599 1684 2655 ante
1703 2586 1867 2684 nuptias,

1108 2374 1292 2466 henderis,
1332 2375 1618 2452 constitutionem
1655 2381 1871 2488 Morgincap

1056 2475 1064 2489 “
1107 2471 1236 2549 sesiam
1272 2474 1310 2550 in
1350 2475 1397 2550 iia
1437 2475 1536 2552 luisse
1573 2504 1644 2553 non
1679 2479 1869 2587 Coniugi,

226 2679 518 2781 septennatim
554 2707 623 2754 mea
662 2687 747 2778 lege
772 2683 997 2776 Langobardo·
1033 2664 1068 2741 C
1104 2676 1144 2746 si
1165 2677 1289 2764 Christo
1312 2678 1511 2761 auxiliante,
1539 2700 1572 2752 te
1589 2680 1623 2752 in
1649 2683 1793 2782 coniugio
1814 2689 1869 2782 so-

179 2858 182 2864 A
232 2804 302 2877 rum
317 2783 454 2877 ,vivam
479 2782 617 2876 Sponsus
636 2779 685 2860 θ’
701 2788 794 2855 dator
810 2798 887 2852 trus
901 2802 996 2878 prae-

225 2880 300 2976 sens
323 2884 539 2978 praesentibus
558 2883 658 2953 dixi:
692 2881 870 2974 Manifesta
903 2883 996 2971 tensa

178 3065 181 3071 ¹
232 2982 277 3072 eli
301 2985 404 3063 mibi,
443 2980 613 3080 quoniam
640 2981 699 3057 die
725 2983 819 3068 illo,
854 2981 995 3081 quando

200 3094 204 3102 '
233 3099 270 3157 te
298 3081 479 3183 sponsavi,
506 3081 732 3182 promiseram
752 3081 822 3157 tibi
838 3083 921 3158 dare
939 3083 993 3182 ju·

232 3181 364 3258 stiriam
384 3201 503 3273 tuam,
517 3181 704 3258 secundnm
725 3187 858 3284 Legem
879 3208 993 3257 meam

148 3364 159 3380 ·
235 3280 276 3356 in
302 3281 537 3380 Morgincap,
563 3281 648 3377 idest
673 3303 832 3379 quartam
857 3285 995 3380 portio-

238 3405 318 3479 nem
358 3379 521 3454 omnium
565 3406 703 3459 rerum·
726 3382 916 3458 mobilium
959 3386 994 3460 dc

236 3480 503 3562 immobilium,
528 3506 614 3579 quas
640 3507 733 3556 nnnc
759 3483 897 3567 babeo,
932 3501 996 3559 aut

234 3580 274 3656 in
310 3599 412 3656 antea·
447 3580 619 3658 habuero.
665 3587 772 3660 Nunc
797 3583 994 3676 autern‚s1
1035 3595 1068 3665 D
1107 3584 1306 3655 Romanum
1333 3581 1458 3682 vigore
1493 3583 1605 3659 Autb.
1631 3593 1799 3665 Praecem
1824 3599 1868 3671 C.
1986 3631 1988 3634 ⁴

233 3680 375 3757 Chrillo
410 3681 627 3766 auxiliante,
665 3695 703 3758 te'
737 3685 776 3759 in
810 3684 992 3787 Coniugio

233 3781 411 3858 sociavere
423 3834 438 3866 ‚‚
455 3782 718 3883 suprascriptam
734 3803 893 3886 quartam
913 3814 994 3884 por-

213 3883 368 3961 tionem
397 3883 557 3958 omnium
584 3912 701 3960 rerum
739 3886 991 3962 mobilium&

232 3981 504 4077 immobilium,
538 4006 575 4058 ert
604 3986 705 4084 supra
728 3989 874 4084 legitur,
912 4004 994 4062 tuae

232 4085 420 4161 dilebiioni
447 4085 515 4175 do,
543 4085 650 4169 cedo,
676 4086 848 4179 confero,
874 4090 907 4160 δι
935 4114 996 4187 per

255 4186 446 4262 raesentem
473 4183 623 4261 Cretam
652 4187 867 4288 Morgincap
892 4186 930 4260 in
958 4205 993 4263 te

230 4213 428 4364 babendum
456 4286 653 4379 confirmo,
693 4306 734 4362 ut
759 4285 866 4362 facies
891 4288 993 4363 cain-

232 4388 274 4464 dc
300 4417 319 4464 a
346 4387 518 4489 praesenti
544 4387 603 4462 die
629 4405 673 4463 tu
696 4384 735 4462 ἃ
754 4387 896 4463 heredes
915 4391 991 4472 tui,

1107 2776 1252 2867 eiaoere,
1292 2775 1346 2852 ibi
1373 2779 1523 2879 legitur.
1559 2783 1800 2876 Quamobrem
1844 2789 1871 2864 li

1108 2876 1213 2952 nostri
1239 2878 1409 2978 temporie
1437 2881 1574 2956 nobiles
1610 2882 1680 2958 viri
1716 2910 1870 2987 conque-

1107 2997 1257 3153 sdsrtdrb'
1270 2979 1632 3156 deqtiiiaienislrmglsib'e
1657 2983 1869 3165 fiiumtnllu

1107 3203 1230 3253 xorem
1256 3179 1405 3269 ducere,
1433 3109 1778 3277 praeteritsesedugsa
1811 3133 1872 3263 in:

1106 3277 1277 3377 spiciant,
1304 3279 1431 3377 quibus
1458 3283 1589 3356 necesse
1615 3280 1686 3359 suit
1710 3302 1783 3361 tam
1810 3315 1871 3365 ca-

1107 3404 1147 3453 ro
1189 3404 1390 3478 comparare
1430 3378 1495 3481 fibi
1535 3381 1683 3459 thalami
1711 3380 1869 3468 sociem.

1106 3478 1174 3553 Ad
1191 3479 1276 3554 baec
1303 3479 1445 3563 norint,
1471 3480 1579 3557 etiam
1601 3483 1787 3563 secundum
1807 3496 1869 3584 Jus
1970 3505 1974 3509 ’

1107 3682 1196 3753 Unde
1217 3683 1272 3754 uir
1294 3679 1342 3761 &⁴
1356 3709 1452 3767 uxor,
1472 3683 1627 3759 debitam
1644 3686 1742 3765 luisse
1757 3701 1870 3788 Quar-
1894 3688 1905 3699 ”

1106 3803 1172 3855 ram
1197 3782 1302 3857 uxori
1328 3782 1510 3858 indotatae
1534 3785 1573 3860 in
1601 3788 1703 3864 bonis
1736 3794 1867 3871 Mariti

1105 3883 1322 4000 locupletis:
1366 3882 1405 3957 in
1440 3911 1545 3983 quam
1581 3889 1713 3990 Legem
1742 3894 1830 3968 cons
1850 3937 1869 3954 ·

1105 3981 1204 4056 lende
1244 3984 1324 4057 lunt
1349 3987 1487 4085 Legum
1515 3985 1750 4094 interpretes,
1788 4001 1868 4070 Au-

1106 4080 1303 4156 th'enticam
1337 4083 1438 4160 illam
1465 4112 1529 4189 pro
1555 4115 1652 4167 more
1692 4095 1868 4192 amplian-
2025 4171 2029 4175 .

1107 4197 1180 4264 tes,
1214 4184 1464 4279 extendentes,
1518 4190 1734 4265 limitantes.
1771 4195 1865 4266 lllud

1107 4302 1224 4358 tamen
1261 4286 1355 4362 inter
1389 4288 1535 4386 antiqua
1574 4290 1608 4360 δι
1635 4288 1747 4361 nostra
1776 4306 1867 4366 tem-

1100 4409 1190 4485 pora
1212 4386 1401 4462 intercedit
1418 4387 1627 4473 discrimen,
1648 4387 1743 4484 quod
1762 4392 1867 4468 Mor-

235 4508 294 4567 aut
328 4490 386 4564 cui
413 4516 478 4589 uos
504 4487 697 4578 dederitis,
723 4488 892 4588 quicquid
929 4517 991 4563 vo·
1040 4493 1069 4562 E
1104 4484 1231 4584 gincap
1259 4486 1329 4560 sere
1355 4485 1488 4580 semper
1513 4483 1716 4583 servabatur·
1739 4489 1777 4566 in
1801 4492 1866 4573 do.

234 4589 371 4664 lueritis
394 4617 440 4665 ex
468 4612 544 4663 mea
571 4589 768 4690 pleniffima
803 4589 993 4691 largitate.

285 4689 408 4763 ,retum
434 4692 705 4784 Montiselariculi
724 4693 882 4784 feliciter.

239 4836 245 4843 -
287 4794 360 4884 Ego
383 4791 539 4863 ,dimicas
563 4793 718 4886 Notarius
745 4793 836 4891 sacri¹
865 4791 994 4897 Pelagii

233 4910 366 4989 rogatus
392 4889 520 4980 interfui
546 4895 589 4964 θ
605 4891 715 4990 scripsi
726 4945 738 4969 ,

310 5049 432 5168 ,Tm
452 5090 512 5167 rr.

1105 4585 1286 4667 moriri,
1320 4582 1344 4656 fi
1380 4582 1512 4656 semina
1540 4589 1864 4684 praemuniebatur,

1105 4702 1166 4758 aut
1192 4684 1216 4757 sr
1242 4686 1373 4759 liberos
1399 4685 1645 4785 relinquebat:
1684 4719 1778 4774 nunc
1804 4728 1865 4776 au·

1105 4800 1177 4859 tem
1205 4784 1244 4859 in
1270 4787 1396 4860 luxum
1420 4812 1462 4861 ac
1487 4814 1667 4868 enormem
1695 4800 1864 4874 mundum

1106 4885 1314 4961 muliebrem
1363 4886 1427 4963 dos
1475 4891 1635 4967 uniuersa
1684 4884 1872 4996 dissipatur

1105 5003 1212 5148 πφδ
1236 4986 1432 5074 evanescit.
1459 4992 1586 5065 Franci
1613 5002 1716 5075 verb,
1744 5011 1784 5067 ut
1809 4995 1866 5071 su·

1750 5118 1814 5190 pra
