4216 6014
281 276 367 387 n,
582 277 997 400 introvit.
1039 228 1498 373 nuntietur
1712 287 1799 397 ee,

222 390 446 468 Marehionis
476 393 620 471 estense
647 400 831 499 conjugem
859 398 981 491 daret,
1017 399 1054 473 A
1089 425 1132 473 te
1155 402 1248 478 dona
1269 397 1460 479 invexisset
1482 396 1633 494 alieuius
1655 397 1761 483 belli,
1785 412 1856 477 aut

223 513 244 561 a
269 484 478 570 Comiribus
504 523 544 572 ac
573 501 777 574 Proceribus
814 498 883 575 suis
912 507 982 574 De-

223 614 267 662 ne
292 595 454 693 periisse:

1088 505 1249 601 publicae
1270 499 1504 593 neeeffitatis,
1526 518 1587 575 aut
1605 498 1753 596 alicujus
1770 500 1863 576 ini·-

1086 604 1236 702 quitatis
1262 601 1405 688 Oeeefio.
1431 600 1638 678 Ludovicus
1663 601 1745 674 Pius
1768 603 1852 674 Au-

1086 705 1200 822 gustus
1223 705 1261 780 in
1286 710 1384 804 Lege
1405 726 1464 801 37.
1486 702 1709 803 Langobard.
1731 707 1773 773 de
1796 699 1857 772 in-

272 834 290 850 ·
315 838 333 853 ·
357 838 375 853 ·
400 840 417 854 -
443 800 525 870 laeti
558 799 673 898 quibus
708 803 753 874 0'
780 802 837 899 vit
870 801 919 885 &²
944 830 981 877 u·
1081 808 1200 900 pullis,
1226 804 1299 888 ait,
1325 803 1539 888 occasionibus
1563 800 1612 882 (t
1636 800 1855 895 Consuetudi‹
1881 810 1886 817 '

322 924 377 968 xor
401 898 490 972 abite
575 968 578 973 ,

1086 910 1179 982 nibus
1213 909 1338 980 noviter
1376 905 1560 992 institutit,
1592 902 1673 989 litut
1707 900 1855 976 Ttibutae

273 999 397 1071 Donati
421 1002 579 1090 ualeant:
605 1029 660 1076 nee
684 1004 768 1078 ettint
799 1005 891 1096 prius
916 1010 981 1079 lm·
1080 1010 1183 1101 sunt,
1218 1007 1267 1093 dy
1293 1009 1430 1080 Tolenta
1465 1005 1499 1076 itt
1533 1005 1638 1077 media
1666 1004 1752 1093 via,
1789 999 1855 1107 ttit‘

318 1101 458 1194 petinltt

1085 1138 1138 1184 net
1162 1138 1268 1208 equa,
1294 1135 1348 1180 nte
1370 1111 1492 1204 palus,
1518 1133 1573 1178 nte
1594 1128 1701 1202 pons,
1727 1130 1782 1175 nec
1807 1130 1851 1175 a·

271 1201 392 1273 Altera
417 1229 485 1273 eum
517 1206 621 1296 proles
647 1206 803 1282 tbniaemtt
832 1207 981 1282 Miebat-
1084 1213 1193 1308 liquid
1218 1213 1284 1284 tale
1303 1210 1431 1301 suerit,
1466 1211 1550 1278 unde
1570 1205 1656 1302 julie
1684 1204 1791 1294 census
1814 1230 1853 1276 t-

322 1301 366 1372 iit
391 1300 525 1399 adisset,

271 1403 444 1497 Quodlibet
469 1405 646 1480 Auxilium
670 1358 852 1484 deterens.
878 1453 895 1466 ·
921 1452 938 1467 ·
964 1452 981 1469 -
1020 1428 1023 1433 ·

219 1603 326 1697 Quod
349 1603 371 1678 st
395 1632 458 1699 pro
480 1607 602 1707 aliquo
622 1609 904 1687 extraordinario
923 1637 980 1685 ca·

220 1702 258 1778 su
287 1705 445 1803 Principi
470 1708 606 1807 aliquid
630 1738 650 1786 u
677 1714 814 1810 Populo
840 1711 893 1786 bis
919 1729 981 1785 aut

217 1821 273 1879 ter
298 1807 531 1905 pendebatur,
557 1808 625 1887 stne
648 1810 715 1886 Ma
741 1810 915 1886 istratibus
940 1833 984 1886 ac

217 1905 400 1996 Judicibus
426 1935 446 1984 a
483 1910 658 2006 privatis,
694 1838 739 1986 ii
758 1912 796 1987 in
823 1913 980 1987 Consue-

216 2007 376 2082 tudinem
404 2008 554 2111 abibat3
582 2030 688 2110 atque
713 2011 887 2111 ejusmodi
913 2014 979 2088 tri·

218 2108 324 2190 buta,
344 2107 401 2184 seu
426 2107 571 2200 salaria,
593 2129 654 2187 aut
674 2111 764 2187 dona
775 2164 793 2197 ,
816 2114 875 2189 sub
894 2121 980 2187 Cen·

1018 1300 1048 1373 Β
1085 1313 1156 1410 aigi
1180 1315 1291 1408 peffit,
1318 1332 1354 1382 ut
1379 1309 1587 1400 ausetantut‚
1612 1303 1686 1386 &n
1713 1309 1851 1401 Occur-

1085 1413 1134 1489 rit
1168 1415 1290 1489 eadem
1318 1437 1390 1486 uox
1425 1409 1464 1484 in
1500 1407 1582 1484 aliis
1616 1405 1852 1504 antiquorum

1088 1518 1222 1614 Regum
1256 1512 1401 1589 Charris
1436 1536 1476 1584 nc
1512 1507 1730 1601 Scriptorum
1767 1530 1854 1579 mo·

1086 1611 1290 1687 sumentis.
1327 1617 1496 1683 Veterum
1523 1633 1664 1705 quoque
1690 1606 1855 1681 Tributa

1084 1740 1123 1788 ae
1144 1711 1344 1798 Vesiigalia
1364 1706 1557 1802 saepiiiime
1577 1706 1854 1790 Redbe'bitienes,

1083 1816 1233 1888 Publicae
1252 1809 1466 1897 sutilium,
1486 1806 1698 1897 Ennium,
1716 1802 1756 1880 ἃ
1775 1811 1853 1878 Pu·

1084 1917 1167 1990 biica
1194 1912 1262 1987 lite
1290 1909 1473 1983 Publieerie
1508 1905 1686 1980 interdum
1723 1907 1848 2004 appel·

1084 2018 1156 2092 lata
1183 2011 1368 2102 invenies,
1403 2006 1459 2084 uti
1494 2009 1530 2082 &
1563 2004 1755 2105 aliquando
1781 2006 1849 2083 Fi·

1084 2117 1180 2202 (eeiie
1213 2119 1249 2189 8<
1282 2111 1450 2209 Regelin,
1485 2107 1580 2206 quod
1616 2107 1692 2206 jura
1727 2104 1848 2183 forent

211 2210 394 2302 suetudinis
428 2212 575 2288 nomine
607 2213 735 2290 exinde
761 2217 980 2316 colligeban·
1014 2204 1046 2277 C
1083 2216 1152 2292 frte
1177 2214 1331 2291 Tributa
1358 2210 1401 2284 ad
1437 2207 1577 2284 Fiscum
1613 2205 1684 2281 slve
1710 2210 1845 2308 Regem

217 2327 302 2394 tur,
329 2311 471 2412 ejusque
499 2315 598 2390 vocis
625 2317 743 2391 crebra
769 2317 815 2391 est
841 2315 978 2392 mentio

215 2410 254 2485 in
282 2432 442 2488 veterum
470 2416 731 2491 monumentis.
764 2422 811 2492 Et
838 2416 977 2493 istarum

215 2511 294 2588 sane
323 2513 656 2598 consuetudinum,
693 2515 762 2590 srve
792 2518 978 2595 immorta-

213 2611 305 2687 lium
332 2640 505 2705 onerum‚
542 2619 641 2690 nulla
668 2614 807 2691 sortasse
832 2615 977 2698 Civitas

214 2712 287 2800 est,
314 2739 404 2810 quae
438 2714 594 2812 aliquam
635 2715 672 2788 in
709 2714 781 2789 smu
819 2716 976 2792 sunnon

214 2814 353 2888 alatae
380 2814 530 2889 toleret.
568 2819 693 2914 Neque
730 2815 855 2917 ignota
891 2819 976 2893 haec

214 2912 361 2988 nomina
387 2916 422 2987 δι
460 2941 566 2991 onera
602 2914 784 3015 antiquis.
822 2921 862 2993 ln
890 2921 914 2993 l.
942 2945 976 2996 t.

213 3012 259 3092 C.
287 3016 330 3090 de
354 3015 443 3107 Osis.
469 3018 574 3105 Praei
600 3025 707 3093 Praet.
734 3020 843 3109 Afric.
869 3021 976 3095 habe-

1083 2315 1299 2418 speiiantia.
1328 2310 1456 2401 inpelle
1481 2311 1524 2383 ab
1552 2305 1692 2383 Italicis
1718 2307 1844 2385 dicuu-

1082 2437 1140 2493 tur
1155 2442 1169 2518 ;
1206 2417 1273 2490 hoc
1300 2414 1346 2487 est
1373 2410 1559 2512 angariae,
1597 2407 1757 2492 tribute,
1784 2409 1843 2487 seu

1081 2546 1189 2595 onera
1215 2513 1398 2617 imposne:
1428 2538 1496 2608 qua
1523 2510 1682 2593 ratione,
1709 2529 1751 2586 ut
1776 2510 1844 2587 ali-

1082 2620 1118 2696 bi
1145 2617 1298 2705 monui,
1323 2613 1362 2690 in
1390 2611 1502 2710 patris
1529 2612 1752 2687 locationum
1779 2610 1843 2687 fie-

1081 2720 1112 2796 ri
1139 2717 1391 2817 prohibebatur
1416 2712 1562 2811 quaevis
1589 2713 1661 2788 alia
1687 2713 1852 2823 superine-

1035 2840 1038 2848 '
1080 2822 1204 2919 postte,
1222 2817 1307 2893 idest
1329 2842 1441 2901 onus,
1465 2812 1535 2887 five
1559 2813 1754 2888 tributum.
1778 2818 1843 2893 Su·

1081 2949 1141 3016 pra
1164 2917 1322 2994 detestati
1348 2914 1480 2989 suimus
1511 2912 1661 3015 impiam
1685 2918 1843 3015 Legem,

1080 3022 1149 3096 srve
1173 3015 1498 3097 Consuetudinem,
1522 3042 1610 3114 quae
1633 3014 1762 3089 nedum
1783 3015 1843 3090 in·

212 3135 271 3192 tur
296 3119 425 3191 Neritia
448 3118 738 3210 Consuetudinem,
764 3147 843 3217 quet
866 3121 901 3193 in
920 3123 976 3214 le·
1013 3113 1044 3181 D
1081 3141 1134 3198 ter
1159 3121 1291 3197 Christi
1328 3117 1538 3205 festantes,
1577 3114 1710 3190 sed-ne
1738 3115 1843 3193 inter

211 3245 260 3292 tte
285 3219 435 3294 laterculo
460 3221 505 3291 θ
530 3218 564 3292 in
590 3221 753 3293 Praetorio
775 3244 834 3313 pre
860 3243 976 3318 tempo·-

210 3346 244 3392 ee
272 3325 349 3395 Due
378 3325 526 3413 praebete
549 3325 663 3396 debet.
703 3327 829 3421 Neque
854 3326 975 3399 Eccle-

210 3419 339 3495 stasiica
368 3421 578 3514 Respublica
614 3420 709 3495 bisce
735 3420 976 3499 Consuetudi-

211 3520 316 3593 nibus
344 3518 458 3593 caruit
494 3517 614 3606 olim,
649 3544 764 3615 neque
799 3547 891 3594 nunc
918 3547 975 3594 ea-

208 3635 289 3696 ret.
323 3622 443 3690 Unum
472 3617 675 3708 exemplum
702 3617 750 3691 do
775 3645 819 3694 ex
846 3620 976 3719 Diplo·

213 3736 308 3793 mate
353 3712 533 3793 Ludouici
581 3719 627 3792 11.
671 3718 820 3839 Augusti
867 3724 976 3797 Anno

212 3819 525 3895 nocemur.
551 3818 642 3911 apud
669 3821 900 3896 Purrcellium
936 3822 974 3897 in

209 3919 463 3999 Monumentis
509 3918 645 3997 Basilis.
692 3922 974 4000 Ambrosianae.

211 4022 340 4100 Nullust
373 4021 524 4112 Pontifex
557 4020 647 4119 (ibi
683 4026 853 4128 legitur)
889 4027 976 4101 ullus
1007 4013 1037 4083 Ε

209 4123 470 4213 Petelinum,
505 4123 561 4194 uti
592 4148 718 4199 tenues
751 4128 974 4219 Denetienes,

202 4226 264 4324 feu
289 4226 447 4327 quaelibet
472 4222 666 4324 Augurius,
701 4224 747 4297 θ’
773 4230 974 4323 Superinpe-

204 4330 289 4419 fitur
323 4327 546 4417 exanimes,
583 4345 689 4400 eontte
723 4352 834 4398 neten
867 4336 974 4401 Cene-

210 4430 344 4513 tticum,
376 4428 452 4518 stur
486 4430 680 4528 Reguiettnt
714 4428 974 4514 constitutionem

203 4528 453 4630 superinponere
478 4553 537 4606 eut
564 4533 686 4631 tetigere
710 4531 851 4605 nudent.
886 4530 974 4628 Eju-

210 4622 328 4708 smodi
363 4637 449 4707 verb
473 4630 757 4709 Coniuetudines
791 4629 974 4732 antiquio·

206 4726 307 4808 tibus
345 4730 479 4805 Seeulis
518 4736 712 4832 appellatae
747 4733 855 4808 etiam
898 4730 973 4807 sue·

207 4846 294 4908 runt
315 4827 512 4916 Octefittet,
530 4830 625 4927 quod
650 4832 820 4908 videlieet
843 4860 882 4908 ea
908 4831 972 4907 tri-

210 4929 602 5032 intemperantias,
624 4948 685 5009 aut
710 4931 904 5036 sportulas,
931 4931 973 5009 fi-

1081 3224 1243 3298 homines
1267 3219 1410 3319 quidem
1436 3216 1504 3290 fine
1526 3215 1749 3292 detestatione
1772 3241 1841 3291 no·

1082 3325 1248 3399 minanda
1283 3321 1400 3396 soret:
1438 3317 1506 3392 hoc
1532 3319 1605 3408 esi,
1641 3314 1843 3419 Naufragu-

1081 3453 1157 3499 rum
1185 3427 1276 3498 bona
1313 3421 1356 3495 ad
1391 3418 1478 3494 litus
1504 3418 1615 3519 ejeila
1651 3417 1753 3493 Fiseo
1778 3418 1842 3494 ad·

1081 3526 1233 3622 judicata
1261 3522 1384 3596 fuisse.
1419 3520 1595 3595 Additum
1622 3518 1702 3594 heic
1729 3521 1838 3613 volo,

1082 3623 1267 3697 nefandum
1296 3618 1467 3720 ejusmodi
1504 3618 1602 3695 usum
1640 3620 1839 3720 posteriori·

1081 3726 1144 3798 bus
1170 3721 1323 3798 Saeculis
1348 3720 1565 3821 potissimum
1589 3721 1775 3797 invaluiffe
1799 3721 1840 3797 iu

1081 3824 1215 3926 Anglia
1242 3843 1348 3921 atque
1379 3822 1417 3895 in
1446 3827 1569 3922 Regno
1595 3822 1763 3906 Siciliae,
1797 3840 1840 3899 ut

1080 3924 1150 4001 alia
1177 3927 1255 4000 loca
1279 3923 1473 3997 omittam.
1511 3929 1565 3998 Eb
1600 3924 1751 3999 humana
1777 3951 1840 4002 cu·

1083 4025 1213 4126 piditas
1248 4023 1414 4106 devenit,
1451 4045 1492 4099 ut
1517 4027 1666 4101 Carolus
1692 4025 1721 4101 Ι.
1749 4024 1840 4101 Sici·

1081 4129 1151 4203 liae
1177 4133 1254 4203 Rex
1280 4153 1324 4202 ne
1350 4126 1586 4202 Genuenfibus
1612 4128 1754 4226 quidem
1782 4126 1840 4202 in-

1081 4228 1300 4331 dulgentiam
1321 4228 1550 4312 praesiiterit,
1569 4228 1631 4325 qui
1659 4228 1759 4303 claffe
1779 4226 1838 4309 sua

1081 4336 1192 4405 Anno
1210 4332 1436 4405 Mchxx.
1457 4328 1540 4418 fibi,
1557 4327 1596 4404 ἃ
1616 4329 1743 4403 Sansio
1761 4333 1841 4406 Lu·

1080 4429 1211 4506 dorico
1237 4430 1405 4505 franciae
1432 4429 1520 4529 Regi
1549 4429 1648 4502 fratri
1676 4430 1761 4512 suo,
1797 4430 1840 4506 in

1080 4530 1259 4607 obfidio'ue
1294 4535 1480 4606 Tunetana
1518 4527 1657 4602 fidelem
1692 4555 1841 4623 operam

1080 4648 1276 4721 neverant,
1311 4650 1417 4730 atque
1442 4628 1480 4701 in
1506 4629 1613 4704 litore
1645 4628 1766 4701 Siculo
1794 4657 1841 4707 u.

1079 4758 1124 4807 na
1159 4757 1238 4805 curn
1273 4732 1395 4830 Regiis
1429 4727 1578 4803 natibus
1613 4727 1840 4831 naufragium

1081 4830 1224 4934 perpeffi
1258 4829 1377 4905 suere.
1417 4829 1709 4905 Abominandum
1747 4832 1838 4908 saci·

1081 4960 1145 5009 nus
1172 4948 1314 5009 narrant
1340 4933 1497 5010 Annales
1522 4932 1839 5106 Genuensesfqas·

1736 5057 1786 5107 an
