4216 6014
291 343 378 453 ‘343
588 329 785 421 nnnc
866 327 1004 419 vrr.
1049 327 1286 422 neon
1326 329 1510 421 ntur
1724 348 1811 453 344

227 474 251 521 a
274 453 404 523 meridie
429 450 474 522 θ’
497 450 612 542 isera
639 452 701 522 Vin
724 451 824 542 besu
846 471 878 522 rr
902 455 990 521 Sun—
1031 449 1069 524 A
1101 450 1194 542 seruo
1216 452 1387 534 crucietur,
1424 449 1473 531 θ’
1507 477 1569 524 non
1587 449 1644 537 'fit
1668 449 1703 522 in
1728 458 1870 529 recordo·

227 548 275 622 lli
300 553 444 649 Prosperi
458 579 479 641 ,⁸
512 557 557 624 ad
592 551 866 624 inluminationem
900 553 988 623 ulta·
1107 554 1196 623 tione
1220 557 1368 627 memoria
1402 581 1473 648 epus
1506 575 1582 626 ante
1618 557 1740 635 Deum,
1776 583 1872 653 neque

226 650 274 722 rit
298 657 456 725 beatorum
482 653 659 725 Martirum
681 651 830 743 Grisanti
846 651 894 732 ψ’
914 656 988 724 Da·
1107 681 1217 726 nomen
1251 653 1321 748 esur
1358 656 1394 727 in
1433 653 1518 728 libro
1553 654 1646 728 vitae
1680 655 1871 746 adscriptum

225 750 316 844 riae,
342 755 390 836 (θ’
400 808 492 830 .....
518 753 685 843 Cuslodit,
710 754 768 849 qui
792 751 861 823 illic
885 753 988 824 omni·
1107 755 1323 838 inveniatur,
1361 754 1423 837 nisi
1462 754 1667 846 refipiscendo
1700 755 1873 847 secundum

222 855 350 945 potenti
382 862 450 928 Der
474 853 522 932 (θ’
548 853 707 926 beatorum
735 852 988 946 supradiilorum
1105 861 1232 951 Deum,
1266 856 1316 937 ό*
1340 855 1460 946 noslrae
1494 855 1704 944 inslitutionis
1729 855 1868 927 edilium

224 956 405 1029 Martirum
429 955 576 1048 Grisonti
593 952 641 1033 ἴθ’
660 955 784 1027 Duriae
807 955 986 1046 deserviat.
1097 956 1297 1054 supradiilis
1323 960 1522 1031 Marciribus
1545 956 1695 1048 Grisanti
1720 955 1768 1038 cip*
1796 963 1870 1029 Da·

170 1073 173 1076 ’
224 1063 323 1152 ,Quod
349 1056 479 1153 siquis
507 1054 706 1149 successorum
741 1056 908 1143 nosirorum
934 1059 988 1128 boe
1103 1058 1192 1151 riae,
1228 1062 1273 1131 (9⁵
1294 1061 1439 1157 praesaro
1449 1111 1590 1134 .......
1626 1060 1874 1131 emendacionem

225 1158 345 1244 nrslrae
369 1157 539 1230 oblacionis
564 1183 677 1229 munus
709 1157 831 1231 callida
865 1158 989 1254 ingenii
1103 1183 1223 1230 omnem
1244 1162 1381 1250 secerit.

223 1257 401 1339 curiufitate
426 1261 492 1330 ullo
522 1282 657 1352 tempore
688 1259 877 1354 praescripto
906 1258 987 1349 sub·
1152 1260 1289 1329 factum
1315 1265 1357 1346 esi
1382 1264 1436 1331 boc
1460 1270 1562 1333 Anno
1592 1262 1775 1334 Dominicae
1813 1265 1870 1333 In-

223 1362 349 1430 trabere
375 1359 544 1457 quaesierit
569 1382 627 1433 aut
653 1359 861 1453 consenserit,
890 1382 993 1426 omnes
1014 1351 1056 1422 ‘B
1100 1359 1295 1430 carnationis
1323 1366 1591 1435 Dccccxeut.
1619 1361 1798 1435 Indiilione
1825 1364 1863 1435 V.

116 1486 129 1503 ·
224 1460 487 1551 malediliioner,
502 1488 581 1558 quas
593 1461 754 1555 proposuit
767 1458 878 1529 renem
892 1460 992 1552 Moy·
1153 1460 1280 1532 usz‘ium
1308 1462 1343 1532 in
1369 1457 1535 1535 Civitate
1564 1465 1696 1560 Regio.

87 1619 91 1624 .
217 1561 270 1656 set
293 1561 378 1652 siliis
405 1563 523 1652 israel,
554 1561 587 1644 si
613 1561 741 1657 quando
765 1551 946 1651 recessissent
970 1584 993 1631 a
1149 1563 1222 1653 Ego
1255 1565 1478 1634 Madelbertus
1512 1565 1670 1634 Presbirer
1706 1564 1750 1632 (9¹
1786 1562 1863 1634 Pri-

224 1664 286 1734 via
323 1664 480 1749 Domini,
513 1660 652 1733 veniant
682 1659 777 1753 super
812 1684 911 1739 rum,
947 1659 992 1729 θ
1096 1662 1240 1733 miceriut
1265 1690 1302 1734 ex
1331 1661 1465 1756 jussione
1500 1663 1673 1758 praelibati
1697 1661 1862 1756 Praesulis

222 1784 347 1856 partem
385 1761 533 1835 babeant
562 1789 630 1832 cum
668 1764 803 1833 Datben
838 1762 883 1831 Θ·
919 1766 991 1832 Ha·
1098 1766 1219 1834 Domni
1236 1766 1403 1837 Adelurdi
1422 1763 1553 1859 strips.

224 1864 337 1946 biron,
363 1884 458 1961 atque
483 1890 551 1936 cum
568 1870 599 1956 J
600 1864 667 1937 uda
689 1863 849 1957 proditore
874 1861 910 1934 in
934 1867 992 1935 In-

345 2095 533 2185 Altecum
565 2095 692 2185 fimile
722 2094 980 2210 Privilegium
1006 2089 1194 2184 Adelurdi
1226 2089 1431 2208 Episcopi,
1461 2090 1569 2201 cujus
1601 2115 1753 2208 partem

463 2214 715 2334 posteriorem
739 2214 931 2322 exhibeo,
962 2213 1252 2330 praetermissis,
1282 2240 1383 2328 quae
1405 2215 1513 2328 paria
1543 2210 1655 2297 sunt·

735 2361 828 2422 eum
858 2335 1106 2422 antecedenti
1130 2329 1365 2443 Privilegio.

336 2577 533 2654 Dhelardus
546 2579 678 2673 superni
696 2577 769 2658 &c
804 2579 996 2651 concedimur
1030 2576 1066 2654 C
1105 2571 1245 2658 Ecclesia
1268 2571 1354 2644 voris
1378 2572 1421 2643 θ’
1443 2570 1626 2662 precibuti
1701 2574 1768 2667 effic
1784 2600 1869 2674 uug-

363 2680 532 2764 Ecclesiam
550 2681 690 2751 Snnliae
707 2681 898 2765 Musliolae,
917 2706 997 2775 quae
1106 2680 1275 2746 mentando
1308 2674 1532 2768 adimpleant,
1567 2694 1604 2745 ut
1625 2677 1755 2765 sarbiae
1788 2703 1872 2748 com·

224 2783 293 2870 sita
319 2785 361 2868 esl
383 2801 477 2877 prope
503 2780 612 2866 Casino
639 2781 819 2859 Benniolo,
844 2807 911 2851 cum
930 2807 996 2850 om·
1102 2774 1286 2876 punblionis
1310 2775 1450 2869 exemplo
1475 2776 1670 2863 clarescentes
1696 2780 1757 2864 'per
1781 2779 1867 2845 mul·

231 2885 268 2956 ni
298 2885 361 2976 sun
384 2883 600 2978 pertinentia,
636 2881 715 2966 ides}
739 2881 883 2969 campie,
918 2901 994 2970 pre·
1105 2896 1142 2949 tn
1166 2876 1288 2948 dierum
1313 2896 1451 2971 tempora
1487 2873 1575 2947 bonis
1609 2875 1751 2970 operibus
1789 2874 1871 2962 insi-

229 2985 297 3067 tit,
322 2982 452 3068 vineis,
480 2981 606 3074 stivis,
642 2982 736 3053 cultis
764 2979 812 3061 ψ’
839 2982 998 3070 incultis,·
1076 2978 1232 3071 diendo,
1260 2977 1294 3047 in
1315 2973 1433 3066 sanila
1452 2978 1621 3073 Religione
1643 2997 1870 3070 permaneant,

230 3085 279 3168 c&
316 3079 568 3176 Massaniciolam
608 3110 705 3156 unam
741 3082 776 3153 in
813 3084 995 3166 Benniolo,
1105 3101 1200 3174 atque
1225 3107 1246 3150 a
1274 3077 1517 3169 DominoJesu
1551 3075 1674 3163 cbristo
1712 3079 1876 3151 immarce-

228 3209 311 3284 quee
340 3209 398 3283 per
427 3191 459 3279 s
460 3187 612 3259 ohannem
649 3187 795 3260 laborata
832 3184 876 3271 esl
893 3213 914 3273 ,·
948 3193 994 3263 (p
1101 3180 1243 3272 scibilem
1258 3179 1380 3277 gloriae
1399 3205 1536 3251 coronant
1551 3177 1753 3270 percipiunt.
1778 3181 1879 3275 ,Quod

225 3306 402 3384 precantum
427 3314 493 3360 una
519 3293 553 3359 in
580 3283 749 3380 Gerousa,
784 3314 865 3383 quae
889 3287 933 3374 esl
957 3289 996 3358 de
1100 3280 1134 3366 fi
1159 3281 1231 3376 quis
1256 3277 1452 3372 successuum
1478 3278 1645 3365 nosirorum
1673 3279 1727 3350 boc
1754 3282 1876 3368 nosirae

228 3391 406 3476 Riocldu,·
441 3389 485 3458 θ
517 3389 620 3477 peccia
646 3414 711 3458 una
745 3390 785 3457 de
811 3409 895 3459 terra
920 3416 994 3459 ara·
1107 3382 1276 3454 oblacionis
1303 3408 1415 3452 munus
1441 3382 1561 3453 callida
1598 3381 1723 3476 ingenii
1748 3381 1875 3467 curiosi-

228 3487 305 3559 tivc
339 3486 378 3558 in
404 3485 573 3559 Ciuitate
598 3491 749 3569 Vetere,
786 3488 822 3555 in
855 3487 996 3567 Ecclesia
1035 3483 1068 3553 D
1107 3503 1173 3555 tate
1199 3485 1265 3554 ullo
1292 3483 1326 3553 in
1354 3487 1487 3572 t'empore
1514 3483 1687 3556 Fratribus
1717 3483 1873 3575 praescri-

229 3581 392 3657 bentorunr
426 3583 606 3654 Mertirum
639 3583 805 3668 Cbrisanti
839 3583 888 3660 θ’
923 3590 993 3656 Da·
1104 3583 1173 3674 ptis
1194 3586 1377 3674 subtrahere
1403 3582 1568 3679 quaesterit
1595 3581 1667 3664 &u

228 3683 316 3765 riae,
344 3688 389 3754 Θ
414 3681 501 3756 beati
525 3686 663 3753 Thomae
680 3682 829 3776 Apolloli
853 3684 993 3772 Christi,
1158 3683 1284 3756 ossum
1312 3686 1348 3754 in
1374 3685 1521 3757 civitate
1548 3682 1671 3778 Regio.

227 3805 267 3857 ut
286 3785 423 3857 babeant
440 3782 579 3874 Clerici,
607 3782 685 3871 idesl
701 3784 898 3858 Adeibertus
915 3793 994 3857 Pre·
1158 3790 1231 3880 Ego
1255 3788 1450 3857 Adulardur
1478 3786 1650 3880 Episcopus
1669 3782 1848 3882 subcripsi.

229 3887 329 3973 sbiter
353 3881 402 3964 ῤ’
428 3886 599 3958 Martinus
634 3886 795 3970 Clericus,
832 3887 889 3983 qui
924 3888 995 3960 illic
1158 3890 1232 3983 Ego
1257 3887 1484 3972 Conslanrinus
1512 3885 1762 3963 archidiaconus
1789 3887 1875 3979 sub-

229 3986 438 4082 omnipotenti
463 3992 553 4068 Deo,
589 4014 627 4059 ac
651 3986 811 4063 beatorum
838 3988 992 4084 supradi·
1254 3986 1383 4083 scripsi.
1692 4053 1697 4059 .

228 4088 347 4162 blorum
374 4086 553 4160 Martirum
586 4088 753 4178 Chrisanti
786 4089 834 4170 &
871 4096 993 4165 Durior
1154 4094 1226 4186 Ego
1246 4089 1415 4161 Mauinus
1429 4089 1687 4187 osrcbipresbiter
1704 4085 1874 4168 &Prae-

227 4192 450 4289 quotidianum
489 4187 615 4262 debitae
652 4191 864 4261 venerationis
903 4194 991 4263 eubi-
1253 4191 1375 4287 postus
1395 4191 1584 4286 subscripsi.

227 4296 302 4366 bent
323 4293 538 4386 samuiatum.
564 4292 613 4361 Et
638 4287 695 4386 qui
716 4307 775 4379 pro
793 4307 926 4383 tempore
944 4292 992 4361 lo·
1154 4295 1228 4387 Ego
1252 4298 1477 4386 Stauaepertur
1507 4293 1665 4365 Presbiter
1690 4299 1732 4364 O
1756 4299 1873 4389 Prepo·

225 4417 259 4462 co
278 4421 380 4466 rorum
392 4390 609 4488 successemnt,
629 4407 778 4482 teneant,
795 4390 990 4482 pessimant,
1033 4386 1063 4456 Ε
1252 4391 1338 4477 fitur
1365 4423 1461 4468 manu
1488 4423 1556 4467 mea
1578 4392 1774 4487 subscrips.

227 4486 274 4566 &⁴
296 4493 421 4580 saciant
455 4495 605 4591 quicquid
635 4519 739 4564 eorum
765 4490 928 4586 expecierit
952 4522 989 4566 a·
1159 4495 1232 4586 Ego
1256 4499 1459 4587 Adrepertut
1497 4499 1656 4569 Diaconnr
1685 4494 1876 4590 subscripsi.

227 4590 332 4660 nimus
356 4595 411 4662 vel
435 4597 609 4676 voluntat,
644 4595 757 4692 absque
782 4594 852 4667 ullu
872 4593 986 4684 sucees-
1157 4596 1231 4689 Ego
1265 4600 1491 4669 Madelbertus
1534 4603 1692 4670 Presbiter
1722 4598 1765 4668 (9
1802 4597 1883 4669 Pri·

219 4688 328 4782 snrum
363 4689 531 4773 nosirorum
566 4694 811 4767 contradiblione
844 4702 899 4766 vel
927 4721 990 4765 rno-
1259 4696 1402 4769 micetius
1443 4727 1540 4772 manu
1577 4728 1646 4772 mea
1675 4697 1793 4794 scrrpfi
1831 4696 1880 4779 ἐν

224 4784 412 4877 testatione.
440 4784 489 4866 (θ’
512 4808 569 4882 pro
587 4792 694 4881 salute
718 4795 842 4877 noslru,
873 4795 990 4888 succes-
1249 4795 1410 4887 firmani.

218 4891 385 4986 suumque
399 4885 567 4974 mstwmm
589 4890 811 4986 Episcopomm
829 4898 989 4977 omnium,
1155 4901 1229 4995 Ego
1253 4896 1440 4973 Aribalduc
1465 4902 1629 4978 Diaconus
1650 4899 1847 4998 subscripsi.

223 4992 367 5069 cerinum
394 4990 571 5090 seruitutis
596 4987 736 5090 officium
760 4993 796 5071 in
830 4999 992 5098 praesenti
1903 5024 1919 5039 ⁴

1740 5109 1826 5199 Qun
