4216 6014
290 363 349 467 '49'
603 344 996 441 -unsrnrrno
1027 337 1487 439 nrcrnuuouuc·
1580 384 1585 391 .
1756 352 1815 461 'so

232 468 309 553 lum
351 465 503 562 Iohanni
539 466 769 546 Cremonenfi
795 465 998 567 Episcopo,
1036 471 1070 543 A
1106 465 1218 557 vocis¹
1242 467 1406 562 exempla
1441 452 1616 563 congesta·
1640 461 1745 538 habes
1782 454 1873 564 apud

173 653 175 656 ‚
233 567 477 657 &erroribus
504 597 567 672 pro
608 595 705 645 more
722 619 727 628 ·
742 569 899 645 scatens.
941 565 998 643 lbi

232 669 404 772 scriptum
431 694 570 746 curatam
584 670 756 768 publiciter
774 673 922 768 exigere:
941 666 996 744 sed

207 769 455 869 ascribendum
482 781 673 847 curaturam
696 773 867 869 publiciter
891 771 997 866 exige-

233 899 286 948 re.
327 872 423 950 Infra
457 875 536 949 illic
562 872 734 972 scriptum
770 873 816 947 est
840 872 999 971 quidquid

235 997 411 1056 creaturae,
452 976 589 1066 telonei,
629 997 687 1046 uut
724 974 891 1071 portatici.
931 971 997 1047 Sed

234 1072 456 1153 scribendum
482 1082 680 1148 Curaturae.
716 1075 773 1149 lta
809 1075 899 1174 apud
927 1079 996 1150 Pu-

234 1175 413 1251 ricellium
454 1177 492 1250 in
535 1175 785 1251 Monumentis
830 1175 997 1250 Basrlicae

233 1276 488 1353 Ambrofianae
527 1294 604 1378 pag:
634 1300 719 1375 519.
747 1276 879 1378 legitur
904 1278 998 1348 Colo-

1110 562 1372 665 Du-Cangium
1413 565 1453 639 in
1491 564 1670 640 Glollario
1692 565 1874 647 Latino.

1097 669 1153 744 ‘ln
1189 668 1398 765 Diplomate
1436 668 1585 740 Ottonis
1635 669 1683 742 11.
1724 666 1904 770 Augusti¹

1111 796 1188 870 pag.
1213 771 1302 865 464.
1328 763 1503 840 Chronici
1531 767 1776 842 vulturnensis
1810 767 1875 842 ha-⁸

1110 873 1237 949 betur:
1285 874 1395 966 Neque
1434 866 1643 939 Piuciutitum
1688 869 1702 966 (
1735 867 1875 946 fortasse

1110 973 1344 1060 Plateaticum,
1385 985 1447 1043 aut
1480 968 1696 1065 Plagiutitum
1735 997 1755 1043 a
1793 973 1876 1047 Pla·

1106 1074 1201 1172 gia)
1228 1070 1445 1163 Penatium,
1485 1071 1718 1161 Rortaoicum,
1743 1073 1875 1164 Casari÷

1110 1199 1199 1254 cum,
1226 1173 1390 1271 quisquam
1414 1174 1529 1264 bomo,
1554 1191 1614 1245 aut
1636 1171 1783 1264 publicae
1808 1173 1875 1247 Rei

1110 1273 1255 1368 Ertailor·
1284 1275 1393 1347 toliere
1430 1294 1488 1346 cut
1513 1272 1633 1371 exigere
1668 1273 1874 1367 praesumat.

233 1405 320 1461 nen,
360 1382 443 1475 quod
467 1380 566 1476 uulgo
591 1379 739 1451 Turadia
762 1380 882 1450 uicitttr
895 1428 906 1460 ,
924 1377 999 1464 five
1035 1388 1066 1458 Β
1112 1374 1198 1448 Inde
1225 1380 1309 1450 verb
1335 1381 1512 1447 Curaturae
1551 1399 1681 1449 nomen
1709 1373 1876 1452 emetfiise

234 1483 488 1554 Porteuaticum.
531 1483 586 1554 At
625 1478 880 1552 emendandum
921 1478 996 1552 ita:

235 1581 402 1652 Talentum
437 1586 519 1678 quod
544 1583 712 1667 Curretia,
752 1579 809 1652 seu
853 1578 998 1678 potino,

233 1686 417 1765 curatura,
441 1681 599 1755 ¹dicitur.
639 1681 873 1754 Portenaricum
914 1686 998 1754 verb

234 1782 329 1877 quod
365 1781 482 1856 nescio
517 1780 627 1857 fuerit
660 1809 704 1856 ue
740 1780 894 1882 velligal
921 1808 998 1879 per·

235 1879 444 1955 solvendum
470 1883 513 1954 ad
539 1888 675 1962 Portus,
711 1906 755 1954 an
792 1881 835 1954 ad
860 1889 997 1971 Partus,

190 2020 191 2024 =
235 1981 331 2077 quod
372 1979 580 2078 postremum
626 1980 783 2052 Ptttttici
825 1979 998 2062 nomine,

236 2099 278 2153 ut
302 2081 373 2181 jam
400 2081 547 2163 monui,
573 2078 797 2172 fignabatur,
824 2079 998 2154 solutum·

234 2206 303 2278 que
329 2178 398 2254 fuit
425 2181 469 2254 ab
494 2178 746 2253 invehentibus
781 2178 819 2251 iu
857 2178 994 2255 Urbem

233 2307 295 2377 per
329 2287 446 2353 Portas
481 2277 737 2372 comestibilia,
773 2306 931 2373 merces,
958 2309 996 2357 a·

233 2380 343 2458 liasve
361 2409 414 2457 res
430 2380 663 2482 vestigalibus
678 2383 873 2458 obnoxiat:
896 2384 995 2485 cujus

1111 1474 1290 1575 conjicio,
1315 1475 1410 1574 quod
1437 1473 1599 1551 homines
1625 1475 1664 1550 iu
1683 1479 1766 1553 loco
1782 1503 1875 1552 mer-

1111 1596 1210 1651 catus
1245 1576 1496 1668 statuerentur,
1538 1576 1602 1676 qui
1637 1597 1800 1654 curarent
1834 1576 1875 1655 ἃ

1112 1675 1326 1751 custodirent
1352 1697 1587 1753 mercatorum
1614 1705 1770 1756 merces:
1813 1696 1876 1756 aut

1111 1776 1205 1874 quod
1232 1776 1441 1852 constitutae
1467 1776 1583 1853 forent
1609 1781 1708 1855 aedes
1734 1808 1774 1856 ac
1792 1781 1876 1856 offi-

1112 1879 1233 1977 cinae.
1261 1878 1300 1952 in
1327 1879 1455 1975 quibus
1481 1880 1680 1955 earumdem
1701 1881 1874 1957 mercium

1112 2005 1194 2053 cura
1229 1976 1269 2054 δι
1302 1977 1455 2073 custodia
1490 1978 1707 2055 haberetne.
1755 1984 1875 2084 Hujus
1971 2071 1973 2076 ,

1112 2086 1314 2161 Curatum,
1341 2107 1430 2176 quae
1455 2107 1476 2154 a
1501 2083 1636 2152 Telemo
1660 2081 1695 2154 δι
1722 2083 1875 2182 Riparico

1112 2177 1275 2253 distincta
1301 2177 1443 2253 videtur
1456 2228 1468 2262 ,
1482 2181 1632 2255 mentio
1656 2182 1702 2256 est
1726 2185 1766 2258 in
1794 2187 1875 2260 Pla·

1112 2280 1189 2353 cito
1229 2277 1479 2370 Cremonenfi,
1529 2283 1622 2379 quod
1664 2309 1709 2358 ex
1749 2288 1900 2372 eodem,

1113 2379 1258 2484 Regesto
1283 2407 1349 2481 ego
1375 2377 1466 2454 olim
1491 2379 1671 2484 deletipfi.
1728 2482 1733 2497 ἱ

228 2600 445 2691 odelricus
484 2605 758 2691 Cremoueufis
798 2602 1008 2721 Episcopus
1044 2629 1178 2688 eoram
1217 2599 1383 2689 Ceffom
1422 2600 1544 2690 Mitto
1582 2604 1749 2693 Ottonis
1788 2613 1865 2697 111.

381 2721 633 2838 Imperatoris
671 2716 722 2807 in
756 2721 907 2808 Placito
945 2722 1379 2831 Cremonensi-tuetur
1422 2719 1507 2831 jura
1546 2718 1611 2808 sua
1660 2724 1704 2811 iu
1868 2746 1871 2753 ’

479 2842 626 2956 Ripam
651 2837 772 2946 Padi,
801 2844 840 2925 bt
871 2840 1024 2927 cauam
1065 2837 1221 2924 obtinet
1260 2864 1397 2925 contra
1434 2837 1624 2956 quoidam

724 2957 793 3047 fibi
824 2958 1084 3046 reludiautes:
1115 2963 1239 3044 Auno
1268 2963 1370 3066 998.

334 3197 393 3265 Um
420 3190 453 3262 itt
481 3190 547 3264 Dei
571 3192 694 3265 nomine
709 3241 721 3275 ,
747 3193 897 3266 Ciuitate
922 3176 1000 3266 cre·
1027 3196 1073 3268 ‘D
1107 3244 1133 3283 „
1159 3183 1273 3264 fluvio
1300 3156 1428 3263 Addua
1454 3190 1629 3288 usquead
1657 3194 1870 3293 vulpariolo

360 3318 474 3370 mena,
509 3293 544 3361 iu
570 3299 671 3363 Domo
707 3293 803 3382 ipsius
842 3295 1002 3366 Ciuitatis
1081 3304 1134 3381 ⁴„
1161 3288 1219 3362 seu
1246 3289 1338 3388 Ripa
1373 3291 1473 3386 juxta
1510 3289 1585 3381 ipso
1621 3290 1757 3377 fluvio,
1797 3321 1869 3373 non

232 3389 267 3461 itt
294 3391 406 3462 laubia
432 3387 550 3481 majore
575 3389 673 3485 ipsius
699 3396 841 3475 Domus,
865 3414 922 3481 per
939 3397 1001 3466 da-

231 3509 298 3560 tam
323 3489 488 3563 licentiam
516 3487 651 3562 Domni
672 3490 832 3565 olderici
852 3492 999 3588 Episco-

229 3588 270 3687 pi
298 3586 436 3683 esusdem
470 3589 714 3665 Cremonensis
741 3590 894 3666 Ecclefie
908 3640 921 3674 ,
962 3595 999 3666 ir

225 3689 352 3786 juditio
378 3690 521 3773 resideret
547 3693 709 3766 Domnus
734 3689 841 3766 Celso
866 3694 998 3770 Diaco-

230 3816 295 3865 uus
323 3789 363 3866 &
390 3789 518 3892 Minus
546 3794 681 3868 Domni
708 3795 855 3868 Ottonis
879 3794 997 3896 Impe-

229 3893 359 3968 ratoris
370 3942 382 3975 ,
419 3891 618 3992 singulorum
656 3896 815 3968 lomim
850 3896 998 3989 jusiitias

225 3993 392 4083 sarciendae
425 4022 462 4067 at
499 3996 749 4080 deliberandas,
786 3995 996 4081 reficientibus

1107 3444 1134 3482 „
1160 3392 1266 3489 louge
1291 3389 1333 3463 ad
1360 3389 1460 3463 illam
1486 3387 1689 3468 Civitatem
1720 3399 1871 3475 Cremo-
1939 3467 1944 3478 .

1108 3515 1236 3584 με,
1276 3488 1337 3564 ubi
1386 3489 1426 3566 in
1463 3488 1537 3588 ipsa
1588 3491 1679 3594 Ripa
1719 3496 1870 3598 antiquo

1106 3640 1131 3684 ,‚
1157 3594 1337 3681 Mercato.
1355 3590 1422 3665 elie
1456 3591 1597 3672 videtur
1635 3621 1716 3672 cum
1757 3601 1870 3676 Telo-

1104 3741 1129 3775 „
1156 3717 1250 3782 neo,
1276 3689 1316 3766 de
1342 3690 1548 3785 Curatura,
1576 3693 1632 3770 seu
1661 3697 1868 3800 Ripaticuttt

1106 3792 1200 3886 „de
1241 3792 1316 3867 isa
1357 3794 1448 3893 Ripa
1488 3811 1563 3868 tam
1602 3799 1645 3871 de
1691 3800 1793 3879 ntvis
1830 3805 1868 3880 tc
1911 3887 1914 3892 ,

1105 3948 1131 3985 ,,
1156 3822 1324 3967 omuibus
1350 3894 1433 3969 aliis
1458 3894 1634 3995 negotiis,
1668 3892 1725 3975 seu
1752 3906 1868 3981 mola·
1977 3965 1980 3970 .

1104 4043 1130 4087 ‚,
1156 4013 1234 4068 tura
1261 3993 1304 4068 de
1329 3995 1495 4072 omnibus
1522 3998 1763 4093 molendinis,
1797 4032 1867 4106 que

149 4120 153 4127 ·
228 4122 298 4169 eurr
335 4122 369 4166 eo
405 4097 639 4178 Autecbetius‚
671 4098 865 4188 Jobuttoer,
904 4106 969 4172 Lea
981 4149 994 4184 ,
1034 4111 1065 4184 E
1105 4150 1131 4189 „
1156 4094 1196 4169 ln
1223 4092 1300 4194 lps⁰
1336 4091 1449 4171 flUVl⁰
1485 4098 1572 4174 ¹³²(st
1598 4101 1663 4176 ‘is‘
1698 4104 1867 4186 iidemu!

227 4193 384 4288 altbert,
411 4199 612 4287 Reductus,
638 4199 775 4289 Judites
802 4197 889 4291 sacri
926 4205 994 4274 Pu-

227 4298 325 4380 latii,
343 4304 373 4389 J
375 4299 532 4389 ohannes,
556 4297 787 4391 Auderulsut,
812 4300 992 4394 ulbertus,

227 4401 361 4490 ocidit,
397 4407 585 4496 Lampertus
609 4401 649 4469 de
675 4400 890 4497 suprascripta
914 4407 992 4474 Cre·

228 4527 346 4582 mura,
372 4502 416 4572 (9·
443 4501 559 4597 reliqui
589 4502 716 4596 piures.
751 4501 863 4598 ibique
895 4530 991 4575 vette-

229 4624 304 4673 runt
340 4603 498 4698 presentie
543 4603 607 4697 ipse
645 4607 790 4675 Damasus
830 4603 991 4677 odelricus
1057 4666 1060 4671 .

231 4697 423 4797 Episcopus,
457 4705 503 4774 θ’
529 4703 687 4800 Rogerius
721 4702 818 4799 ipsius
841 4704 992 4801 Episcopi

231 4805 423 4879 Admetus
457 4805 654 4876 tetulerunt:
687 4805 920 4886 „Habemus
953 4808 990 4879 ec

230 4953 257 4994 ‚,
284 4899 481 4991 detinemus
508 4932 527 4978 a
553 4925 649 5004 parte
675 4901 780 5005 ipfius
807 4902 989 5006 Episcopii

131 5096 133 5100 .
229 5057 256 5099 „
283 5000 537 5104 proprietatem
564 5004 675 5087 fluvio
704 5007 788 5085 Padi
816 5007 858 5087 ‘la
886 5027 990 5110 caput

236 5106 242 5119 '
333 5109 425 5179 tom.
452 5107 512 5181 JV,

1014 4889 1078 5064 ti

1104 4196 1866 4410 1:t.5512:streitruitsttt

1103 4448 1129 4491 ,‚
1153 4400 1189 4472 δι
1205 4397 1291 4471 licut
1307 4398 1449 4476 attenua
1464 4399 1534 4475 fuit
1553 4428 1613 4501 per
1632 4403 1866 4507 unusquisque

1102 4547 1127 4582 ‚,
1154 4498 1397 4576 molendinum
1423 4527 1570 4599 granum
1596 4503 1733 4580 modias
1758 4511 1866 4606 quin-

1104 4656 1130 4695 „
1154 4626 1245 4699 que,
1280 4605 1316 4675 bt
1344 4627 1404 4695 per
1429 4628 1712 4705 unamquamque
1736 4636 1865 4689 navem

1101 4752 1126 4786 „
1155 4701 1396 4789 Salisfirales
1430 4721 1621 4802 quattuor,
1663 4707 1718 4784 seu
1759 4714 1794 4786 ἃ
1821 4715 1866 4792 de

1153 4802 1236 4878 aliis
1274 4803 1537 4893 consuetudinis
1577 4810 1634 4883 vel
1688 4812 1865 4890 rediitudo

1103 5059 1127 5097 ,‚
1152 5008 1206 5106 pti
1247 5007 1400 5104 pertinet
1435 5011 1492 5084 rel
1528 5011 1701 5110 pertinere

1101 4853 1127 4990 i:
1153 4898 1407 4998 Ecetranum,
1433 4909 1569 5008 que'ad
1591 4910 1692 5008 ipsius
1717 4913 1863 5084 Episco-

1760 5015 1859 5093 ebet.
1888 5002 1892 5008 ’

1720 5161 1747 5195 a,
1774 5114 1812 5192 Si
