4216 6014
128 381 129 384 a
292 328 373 416 551
587 293 1016 416 ANNQMY.
1067 291 1307 383 MEDH
1343 291 1534 386 ARV!
1727 309 1819 422 ςςῖ

223 413 273 496 &⁴
296 417 574 514 praesentaverit,
608 420 712 491 decem
737 421 849 489 serere
876 423 993 489 Ferra—
1033 426 1071 501 Α
1112 414 1377 491 Mcccxxx.
1401 415 1621 522 opusculum
1644 415 1814 497 scribebat
1831 418 1885 496 de

223 518 366 605 rimlis.
403 525 501 596 Tum
539 539 662 594 contra
697 516 844 595 facienti
881 545 993 616 poena

227 616 424 699 indicitur.
462 623 501 701 ld
537 642 654 696 autem
687 620 780 693 tanti
817 617 993 696 momenti

227 737 314 798 tunc
354 725 467 800 risum
502 723 577 806 esi,
613 742 653 796 ur
687 718 850 797 Maliarii
889 727 993 798 volu·

228 851 324 902 crem
351 826 453 905 illam
480 843 654 926 repertam
690 824 848 898 indicare
872 827 993 899 omni-

133 927 136 932 “
229 927 294 1003 bus
332 929 474 1023 publico
511 929 736 1025 proclamato¹
764 944 993 1018 cogerentur,

227 1030 434 1102 sitdominus
461 1032 684 1104 inveniretur.
721 1027 759 1101 ld
787 1053 928 1126 quoque
954 1028 992 1100 in

228 1131 378 1205 aliarum
412 1131 563 1206 Urbium
601 1129 758 1231 Legibus
794 1128 993 1228 municipa-

228 1230 324 1311 libus
351 1251 494 1310 cautum
532 1233 706 1315 invenio,
741 1259 781 1306 ac
808 1231 993 1331 praecipue

1115 518 1267 591 Laudib.
1306 510 1468 619 Papiae,
1492 521 1630 597 editum
1665 523 1785 598 Tomo
1811 523 1894 596 xl.-

1117 622 1195 703 Rer.
1222 618 1377 695 italicar.
1404 619 1489 697 baec
1515 623 1560 698 de
1584 623 1768 700 Tieiuens
1793 645 1888 722 agro

1114 719 1308 797 memoriae
1333 723 1530 822 prodebat:
1562 730 1751 799 Mundam
1774 745 1888 800 errem

1112 841 1182 895 tcta
1210 850 1295 921 regrr
1320 825 1380 898 issa
1411 850 1435 900 ἰ
1467 827 1631 914 venanrssr
1658 827 1885 910 normalibus,

1113 924 1159 994 θ
1191 926 1326 999 maxime
1353 928 1583 1021 strpemibrrr,
1611 951 1670 1022 prr
1702 930 1885 1011 Crerrrr'ar,

1112 1051 1191 1123 quar
1216 1028 1286 1101 irlr'e
1309 1049 1373 1101 roeo
1396 1052 1531 1129 empore
1563 1034 1651 1104 veris
1677 1035 1723 1103 O·
1747 1030 1884 1118 aelirris'

1113 1150 1297 1205 moramur.
1332 1131 1553 1208 Irascendum
1589 1159 1698 1234 ergo,
1735 1132 1884 1231 inquiet

1113 1227 1263 1327 aliquis,
1300 1233 1494 1333 majoribus
1529 1234 1675 1325 nollris,
1707 1233 1770 1331 qui
1799 1252 1881 1305 tam

227 1332 268 1411 in
305 1334 582 1411 Mediolanensi.
619 1337 683 1410 Sed
720 1334 759 1408 in
793 1331 858 1407 isto
883 1332 991 1407 ctiam
1036 1338 1064 1409 B
1113 1329 1204 1405 utile
1237 1357 1279 1406 ac
1314 1332 1484 1410 innocens
1518 1337 1724 1411 volatilium
1765 1357 1880 1434 genus

227 1435 531 1513 animadversione
554 1437 700 1536 dignum
727 1435 793 1516 est,
812 1434 906 1534 quod
931 1433 990 1507 ha·

202 1538 332 1620 ,betur
359 1542 453 1613 Pure.
479 1538 517 1615 Il
555 1542 645 1638 Cap.
671 1563 760 1633 444.
786 1535 846 1611 ubi
875 1537 993 1610 decre·

97 1680 104 1685 ·
228 1657 308 1717 tum
345 1640 420 1721 cst,
457 1659 497 1728 ut
532 1642 642 1711 nullus
676 1639 783 1730 capiar
816 1638 990 1731 Cironirr,

228 1772 284 1819 rrrr
319 1742 548 1830 liberrime,
585 1738 647 1835 sub
685 1763 785 1831 prena
818 1740 992 1814 Librarum

227 1845 366 1946 quinque
394 1843 627 1929 imperialium.
664 1846 746 1916 Hoc
774 1842 828 1916 ait
855 1839 991 1942 Carpa-

229 1974 295 2025 nus
317 1944 570 2030 interdiiium.
595 1946 733 2041 eoquod
754 1943 878 2015 nulium
899 1950 991 2017 drm-

229 2075 306 2125 rrrrm
340 2046 480 2144 afferunt
515 2048 665 2137 publico.
704 2049 789 2120 Non
824 2045 915 2130 illi,
951 2064 992 2120 ut

228 2170 342 2254 puto,
369 2148 412 2226 de
439 2147 578 2250 caussa3
608 2152 687 2224 sunt
713 2149 810 2221 enim
836 2150 870 2221 δι
901 2147 992 2222 aliae

1112 1432 1157 1505 ab
1185 1434 1314 1509 ltalico
1339 1440 1438 1511 caclo
1463 1437 1771 1514 exterminatum.

1104 1580 1130 1639 .''
1165 1534 1327 1635 Denique
1374 1564 1531 1614 amorem
1582 1538 1784 1616 venationis
1834 1535 1881 1612 in

1111 1635 1246 1711 Italicis
1290 1637 1514 1734 Principibus
1555 1643 1615 1717 diu
1656 1640 1880 1743 perdurslie,

1110 1737 1232 1812 multis
1249 1738 1424 1838 exemplis
1440 1742 1617 1818 ostendere
1638 1746 1788 1841 pollcm.
1808 1737 1881 1814 Sed

1110 1836 1286 1925 sufficiant
1311 1842 1381 1916 duo
1406 1843 1712 1929 Mediolanenses,
1739 1840 1885 1916 scilieet

1108 1939 1308 2032 lohannes,
1329 1946 1367 2015 bc
1398 1943 1582 2019 [urbinus
1609 1941 1882 2025 vicecomites,

1107 2040 1171 2140 qui
1199 2042 1282 2119 reste
1307 2045 1519 2121 Gualvaneo
1543 2047 1586 2120 de
1621 2047 1657 2121 la
1693 2046 1886 2135 Flamma,

1108 2143 1307 2238 synchrono
1333 2145 1505 2239 aubinre,
1539 2151 1672 2238 caribus
1695 2145 1883 2236 maricis,

228 2254 392 2330 volucres
419 2255 647 2353 complures,
680 2276 770 2348 quae
805 2249 900 2323 nihil
935 2251 992 2323 in·
1033 2244 1066 2317 C
1103 2246 1307 2337 falernis-rer,
1349 2250 1529 2334 asturibus,
1577 2250 1806 2346 accipiendus,
1822 2269 1826 2276 ·
1845 2247 1883 2319 in

228 2352 349 2431 icrunt
375 2354 523 2429 damni:
563 2354 619 2429 led
647 2353 733 2452 quia
768 2352 875 2426 utiles
910 2378 992 2426 cen·

230 2454 349 2532 lentur
375 2457 540 2543 homini,
576 2482 686 2554 quum
715 2452 847 2528 inseiis
875 2454 993 2550 perni-

229 2557 324 2633 ciosa
351 2553 391 2632 δι
418 2556 590 2656 serpentes
618 2558 774 2636 tollant,
808 2553 847 2628 δι
876 2557 991 2627 bomi-

228 2659 286 2834 's‘
310 2657 445 2830 “ss‘
469 2656 992 2830 “llfslllltllsilblli

172 2880 174 2884 '
229 2783 353 2936 sintii
372 2782 458 2934 ¹sirie
483 2783 777 2943 iibulosa‚’srre
810 2783 917 2948 irera,
950 2859 992 2933 de

227 2986 348 3039 earum
383 2960 540 3057 pietate,
577 2959 783 3060 prudentia,
818 2986 858 3046 ac
895 2989 993 3058 prae·

228 3062 468 3140 diilionibus.
496 3067 602 3162 Saepe
627 3090 694 3164 ego
721 3061 869 3137 miratus
896 3064 992 3147 sum,

1108 2349 1247 2421 maxima
1271 2352 1453 2446 quarrirarr
1480 2353 1723 2427 abundarunt.
1755 2354 1882 2448 Neque

1110 2452 1250 2523 tantbm
1278 2453 1425 2534 mirere,
1452 2453 1646 2541 Iohannem
1674 2449 1886 2528 vicecomi-

1109 2569 1211 2633 tem,
1259 2550 1470 2650 Episcopum
1515 2556 1802 2645 Norariensem,
1842 2577 1884 2632 ac

1110 2652 1236 2725 deinde
1275 2653 1550 2731 Mediolanenlis
1578 2656 1693 2734 Urbis
1730 2656 1885 2733 Arabic-

1110 2752 1294 2855 piscopum
1342 2756 1376 2828 dc
1420 2758 1640 2849 Dominum,
1699 2752 1887 2836 venationi

1111 2857 1198 2931 adeo
1225 2855 1431 2932 addiilum.
1460 2861 1615 2937 Saeculis
1641 2861 1688 2937 iis
1715 2889 1786 2936 noo
1815 2860 1887 2938 mi·

1112 2985 1177 3032 nus
1196 2955 1336 3034 Clerici
1354 2967 1461 3058 quim
1489 2963 1594 3038 Laici
1619 2965 1793 3062 ejurmodi
1813 2963 1884 3040 fln-

1112 3060 1174 3132 dio
1200 3062 1242 3131 ad
1270 3058 1422 3135 furorem
1453 3066 1561 3162 usque
1592 3065 1886 3152 delriiabanturs

228 3191 293 3242 cur
319 3186 434 3243 aetate
461 3165 572 3244 nostra
609 3192 718 3266 paene
744 3166 868 3267 ignota
896 3165 992 3240 inri-
1039 3172 1072 3244 1>
1112 3162 1304 3237 contemtis
1344 3165 1598 3242 Conciliorum
1637 3167 1817 3255 decretis,
1858 3193 1882 3243 a

230 3267 336 3370 saque
359 3267 400 3345 lit
424 3267 514 3369 apud
542 3296 605 3344 nos
628 3269 782 3351 Cierrria,
808 3294 913 3367 quam
939 3289 993 3342 ta-

228 3396 313 3446 men
350 3392 484 3445 veteres
519 3372 557 3446 in
590 3371 696 3444 ltalia
731 3369 919 3443 consedisse
954 3399 993 3443 ac

229 3470 335 3547 nidos
370 3469 571 3548 exstruxisse
610 3468 756 3543 ferunt.
798 3473 882 3544 Non
923 3473 992 3541 alia

230 3570 325 3650 mibi
352 3570 464 3642 caussa
489 3567 668 3657 occurrit,
705 3567 776 3641 nisr'
795 3569 888 3664 quod
922 3568 994 3655 poli

230 3666 542 3748 invenenatum
580 3669 735 3788 pulveris
769 3669 993 3745 coementarii

229 3768 272 3852 δι
299 3772 521 3868 scloporum,
547 3767 713 3846 Crconiis
741 3789 843 3848 antea
872 3770 994 3847 nidis»

229 3874 394 3951 cantibus
420 3873 458 3950 in
485 3871 591 3952 teiiis
617 3872 722 3949 sacile
751 3874 884 3951 bellum
911 3873 993 3950 illa»

228 3993 308 4054 tum
335 3974 464 4059 suerit,
492 3979 748 4077 propterquod
777 4001 913 4057 vertere
940 3977 994 4053 so*

1112 3263 1241 3363 quibus
1277 3284 1442 3339 vetantur
1478 3266 1605 3345 sacrati
1639 3269 1734 3356 riri,
1768 3269 1883 3346 salco·
1946 3279 1952 3289 ‘

1115 3391 1198 3449 nes,
1235 3367 1485 3466 venaticolque
1512 3398 1614 3448 canes
1651 3375 1767 3458 alere,
1803 3369 1885 3470 ipli·

1113 3493 1182 3641 pppe
1198 3467 1392 3640 {widoni
1412 3496 1555 3648 {peram
1582 3473 1690 3593 dares
1716 3477 1816 3648 pund
1832 3472 1887 3549 sa·-

1114 3670 1279 3743 dcderere
1305 3597 1437 3772 igitir,
1462 3599 1723 3752 inrisoriiiriiuidi
1745 3599 1882 3753 iiieiir

1115 3797 1169 3868 res
1197 3794 1402 3872 peragatur,
1443 3776 1495 3848 nti
1521 3778 1610 3851 olim
1650 3776 1776 3851 fiebat.
1812 3776 1881 3851 Sed

1115 3899 1187 3971 quo
1225 3876 1356 3974 pluries
1388 3875 1474 3949 olim
1514 3879 1668 3952 vetitum
1714 3879 1750 3952 id
1779 3877 1884 3953 audi-

1117 4001 1230 4067 mus,
1271 4005 1315 4051 eo
1355 3976 1550 4053 evidentius
1599 3977 1888 4080 intelligimus,

230 4080 305 4159 lum
333 4076 532 4178 elegerint.
570 4082 610 4151 ln
636 4083 829 4156 Germania
855 4084 994 4158 crebrae
1041 4081 1068 4159 Ε
1117 4099 1202 4152 tunc
1243 4078 1413 4178 ejusmodi
1455 4081 1617 4155 morbum
1663 4083 1751 4156 adeo
1783 4085 1890 4159 inva-

229 4181 394 4259 visuntur
418 4206 460 4255 ac
480 4177 684 4256 ¹habitent:
723 4179 863 4256 incolae
888 4188 994 4281 quip.

228 4311 273 4386 pe
309 4280 477 4386 religioni
503 4278 577 4358 sibi
611 4282 806 4364 ducerent,
841 4284 993 4357 amicam

228 4410 332 4462 arem
368 4386 600 4477 interimere,
636 4381 853 4481 faustumque
887 4409 992 4458 omen

228 4487 447 4566 arbitrantur
475 4486 667 4564 Ciconiam
704 4486 830 4561 babere
858 4484 910 4561 sui
941 4504 994 4559 te·

226 4582 278 4658 eti
305 4585 482 4667 incolam.
518 4588 630 4670 Certe
656 4588 695 4665 in
732 4587 899 4665 llisloriis
928 4590 993 4659 ra-

124 4695 132 4706 “
225 4684 362 4761 tavinis
386 4690 482 4781 legi.
507 4694 565 4764 vel
589 4693 717 4770 Secula
734 4691 868 4768 Christi
895 4694 992 4765 xlv.

226 4784 375 4889 pacifice
414 4785 584 4868 habitasse
619 4789 794 4870 Ciconias
829 4792 867 4867 in
908 4816 993 4890 agro

226 4888 424 4977 Patauino.
460 4889 615 4965 Aulicus
652 4895 736 4967 verb
758 4891 991 4978 *Ticlnensrm

223 4997 288 5097 qui
324 4992 452 5075 eodem
486 4991 642 5076 Saeculo.
671 4992 816 5077 circiter
831 4998 993 5076 Annum

1117 4181 1239 4262 luisse,
1275 4201 1316 4256 ut
1351 4181 1505 4259 medicos
1533 4186 1687 4284 amplius
1726 4211 1796 4258 non
1823 4211 1888 4261 atr·-

1116 4282 1234 4358 dircr.
1277 4281 1445 4360 Vidimus
1484 4293 1648 4381 speram,
1690 4285 1761 4362 live
1800 4289 1891 4362 Gla-

1116 4384 1215 4456 dium
1243 4381 1344 4474 lupra
1371 4408 1505 4464 ceteras
1541 4419 1593 4466 res
1632 4391 1791 4487 antiquis
1821 4393 1892 4465 Po·

1119 4487 1210 4584 pulis
1237 4489 1334 4576 cordi
1363 4489 1490 4567 luisse..
1525 4495 1632 4567 Tunc
1670 4492 1765 4568 enim
1795 4489 1892 4571 nulli

1117 4589 1167 4661 rei
1195 4587 1337 4665 enixius
1364 4593 1421 4665 illi
1443 4593 1652 4678 liudebanr,
1681 4596 1784 4689 quim
1807 4595 1892 4694 glo·

1117 4690 1188 4764 riae
1226 4693 1486 4773 Fortitudinis.
1536 4698 1614 4772 Esse
1655 4697 1764 4772 fortes
1792 4723 1895 4773 ama·

1116 4792 1223 4877 bant,
1249 4815 1311 4869 aur
1331 4796 1453 4872 l'altem
1477 4797 1615 4875 rideri.
1646 4804 1750 4874 Adeo
1769 4826 1894 4876 aurem

1115 4897 1151 4968 in
1193 4894 1327 4972 bonore
1366 4899 1457 4988 epod
1498 4900 1593 4998 ipsos
1630 4905 1887 5007 Langobardos

1115 4995 1186 5077 suit
1225 4997 1303 5100 laus
1333 4997 1399 5078 ille
1436 4996 1479 5082 dc
1512 5004 1672 5109 opinio,
1707 5026 1748 5093 ut
1786 5001 1887 5121 nulli

1699 5129 1831 5209 majore
