<?xml version="1.0" encoding="UTF-8"?>
<!DOCTYPE html PUBLIC "-//W3C//DTD XHTML 1.0 Transitional//EN"
    "http://www.w3.org/TR/xhtml1/DTD/xhtml1-transitional.dtd">
<html xmlns="http://www.w3.org/1999/xhtml" xml:lang="en" lang="en">
 <head>
  <title>
</title>
<meta http-equiv="Content-Type" content="text/html;charset=utf-8" />
  <meta name='ocr-system' content='tesseract 3.04.00' />
  <meta name='ocr-capabilities' content='ocr_page ocr_carea ocr_par ocr_line ocrx_word'/>
</head>
<body>
  <div class='ocr_page' id='page_1' title='image "./antiquitatesita01muragoog_0291.png"; bbox 0 0 4216 6014; ppageno 0'>
   <div class='ocr_carea' id='block_1_1' title="bbox 309 328 1827 456">
    <p class='ocr_par' dir='ltr' id='par_1_1' title="bbox 309 328 1827 456">
     <span class='ocr_line' id='line_1_1' title="bbox 309 328 1827 456; baseline -0.001 -26"><span class='ocrx_word' id='word_1_1' title='bbox 309 351 391 455; x_wconf 80' lang='lat'><em>563</em></span> <span class='ocrx_word' id='word_1_2' title='bbox 509 334 1022 456; x_wconf 65' lang='lat' dir='ltr'><em>-ANtQtJrT,</em></span> <span class='ocrx_word' id='word_1_3' title='bbox 1070 328 1565 433; x_wconf 77' lang='lat' dir='ltr'><em>MuuttAth</em></span> <span class='ocrx_word' id='word_1_4' title='bbox 1737 352 1827 454; x_wconf 79' lang='lat'><em>564</em></span> 
     </span>
    </p>
   </div>
   <div class='ocr_carea' id='block_1_2' title="bbox 239 452 1947 3089">
    <p class='ocr_par' dir='ltr' id='par_1_2' title="bbox 239 452 1947 3089">
     <span class='ocr_line' id='line_1_2' title="bbox 239 452 1894 551; baseline 0.001 -23"><span class='ocrx_word' id='word_1_5' title='bbox 239 456 301 550; x_wconf 77' lang='lat' dir='ltr'><em>[ed</em></span> <span class='ocrx_word' id='word_1_6' title='bbox 336 452 503 544; x_wconf 67' lang='lat' dir='ltr'><em>monstrum</em></span> <span class='ocrx_word' id='word_1_7' title='bbox 536 454 746 549; x_wconf 71' lang='lat' dir='ltr'><em>judicabant.</em></span> <span class='ocrx_word' id='word_1_8' title='bbox 787 465 894 530; x_wconf 72' lang='lat' dir='ltr'><em>Aetas</em></span> <span class='ocrx_word' id='word_1_9' title='bbox 932 458 1017 530; x_wconf 79' lang='lat' dir='ltr'><em>inse·</em></span> <span class='ocrx_word' id='word_1_10' title='bbox 1048 455 1086 529; x_wconf 79' lang='grc' dir='ltr'><strong>Δ</strong></span> <span class='ocrx_word' id='word_1_11' title='bbox 1127 477 1251 531; x_wconf 76' lang='lat' dir='ltr'><em>senem</em></span> <span class='ocrx_word' id='word_1_12' title='bbox 1293 484 1356 530; x_wconf 85' lang='lat' dir='ltr'><em>unu</em></span> <span class='ocrx_word' id='word_1_13' title='bbox 1391 479 1556 551; x_wconf 76' lang='lat' dir='ltr'><em>puerorum</em></span> <span class='ocrx_word' id='word_1_14' title='bbox 1579 455 1635 528; x_wconf 82' lang='lat' dir='ltr'><em>vel</em></span> <span class='ocrx_word' id='word_1_15' title='bbox 1654 454 1774 548; x_wconf 63' lang='lat' dir='ltr'><em>lma·</em></span> <span class='ocrx_word' id='word_1_16' title='bbox 1811 481 1894 529; x_wconf 85' lang='lat' dir='ltr'><em>nam</em></span> 
     </span>
     <span class='ocr_line' id='line_1_3' title="bbox 243 557 1891 653; baseline -0.002 -22"><span class='ocrx_word' id='word_1_17' title='bbox 243 582 330 653; x_wconf 79' lang='lat' dir='ltr'><em>gra,</em></span> <span class='ocrx_word' id='word_1_18' title='bbox 353 559 457 651; x_wconf 80' lang='lat' dir='ltr'><em>sana,</em></span> <span class='ocrx_word' id='word_1_19' title='bbox 484 586 520 631; x_wconf 86' lang='lat' dir='ltr'><em>ae</em></span> <span class='ocrx_word' id='word_1_20' title='bbox 546 558 659 651; x_wconf 88' lang='lat' dir='ltr'><em>opibus</em></span> <span class='ocrx_word' id='word_1_21' title='bbox 684 557 839 642; x_wconf 83' lang='lat' dir='ltr'><em>universis</em></span> <span class='ocrx_word' id='word_1_22' title='bbox 856 557 1014 652; x_wconf 72' lang='lat' dir='ltr'><em>affluens.</em></span> <span class='ocrx_word' id='word_1_23' title='bbox 1128 562 1331 633; x_wconf 77' lang='lat' dir='ltr'><em>candelarum</em></span> <span class='ocrx_word' id='word_1_24' title='bbox 1355 563 1396 631; x_wconf 89' lang='lat' dir='ltr'><em>de</em></span> <span class='ocrx_word' id='word_1_25' title='bbox 1414 561 1489 653; x_wconf 77' lang='lat' dir='ltr'><em>sebo</em></span> <span class='ocrx_word' id='word_1_26' title='bbox 1513 559 1569 629; x_wconf 85' lang='lat' dir='ltr'><em>vel</em></span> <span class='ocrx_word' id='word_1_27' title='bbox 1593 561 1634 629; x_wconf 91' lang='lat' dir='ltr'><em>de</em></span> <span class='ocrx_word' id='word_1_28' title='bbox 1651 583 1718 628; x_wconf 90' lang='lat' dir='ltr'><em>cera</em></span> <span class='ocrx_word' id='word_1_29' title='bbox 1736 560 1806 647; x_wconf 71' lang='lat' dir='ltr'><em>ulus</em></span> <span class='ocrx_word' id='word_1_30' title='bbox 1823 582 1891 627; x_wconf 82' lang='lat' dir='ltr'><em>nore</em></span> 
     </span>
     <span class='ocr_line' id='line_1_4' title="bbox 246 657 1895 757; baseline -0.004 -25"><span class='ocrx_word' id='word_1_31' title='bbox 246 666 386 757; x_wconf 80' lang='lat' dir='ltr'><em>Tempus</em></span> <span class='ocrx_word' id='word_1_32' title='bbox 425 660 555 741; x_wconf 90' lang='lat' dir='ltr'><em>babile,</em></span> <span class='ocrx_word' id='word_1_33' title='bbox 592 657 779 755; x_wconf 85' lang='lat' dir='ltr'><em>pacificum,</em></span> <span class='ocrx_word' id='word_1_34' title='bbox 814 659 988 752; x_wconf 77' lang='lat' dir='ltr'><em>jocisndum</em></span> <span class='ocrx_word' id='word_1_35' title='bbox 1000 710 1014 744; x_wconf 89' lang='lat'>,</span> <span class='ocrx_word' id='word_1_36' title='bbox 1127 685 1215 735; x_wconf 83' lang='lat' dir='ltr'><em>eras.</em></span> <span class='ocrx_word' id='word_1_37' title='bbox 1244 663 1316 734; x_wconf 86' lang='lat' dir='ltr'><em>Viri</em></span> <span class='ocrx_word' id='word_1_38' title='bbox 1333 662 1552 756; x_wconf 73' lang='lat' dir='ltr'><em>chlamydibus</em></span> <span class='ocrx_word' id='word_1_39' title='bbox 1575 659 1715 753; x_wconf 75' lang='lat' dir='ltr'><em>pelliceis</em></span> <span class='ocrx_word' id='word_1_40' title='bbox 1733 657 1801 742; x_wconf 78' lang='lat' dir='ltr'><em>stne</em></span> <span class='ocrx_word' id='word_1_41' title='bbox 1818 679 1895 751; x_wconf 92' lang='lat' dir='ltr'><em>ope·</em></span> 
     </span>
     <span class='ocr_line' id='line_1_5' title="bbox 248 751 1893 855; baseline -0.003 -22"><span class='ocrx_word' id='word_1_42' title='bbox 248 789 436 845; x_wconf 81' lang='lat' dir='ltr'><em>amoenum,</em></span> <span class='ocrx_word' id='word_1_43' title='bbox 481 761 716 839; x_wconf 76' lang='lat' dir='ltr'><em>coelestinum,</em></span> <span class='ocrx_word' id='word_1_44' title='bbox 754 778 851 855; x_wconf 77' lang='lat' dir='ltr'><em>arque</em></span> <span class='ocrx_word' id='word_1_45' title='bbox 882 760 1014 850; x_wconf 67' lang='lat' dir='ltr'><em>finlubre</em></span> <span class='ocrx_word' id='word_1_46' title='bbox 1126 765 1260 834; x_wconf 89' lang='lat' dir='ltr'><em>rimenra</em></span> <span class='ocrx_word' id='word_1_47' title='bbox 1272 813 1284 846; x_wconf 89' lang='lat'><em>,</em></span> <span class='ocrx_word' id='word_1_48' title='bbox 1323 763 1380 834; x_wconf 81' lang='lat' dir='ltr'><em>vel</em></span> <span class='ocrx_word' id='word_1_49' title='bbox 1417 761 1521 834; x_wconf 88' lang='lat' dir='ltr'><em>laneis</em></span> <span class='ocrx_word' id='word_1_50' title='bbox 1539 760 1609 845; x_wconf 77' lang='lat' dir='ltr'><em>fine</em></span> <span class='ocrx_word' id='word_1_51' title='bbox 1634 757 1800 850; x_wconf 85' lang='lat' dir='ltr'><em>pellibus,</em></span> <span class='ocrx_word' id='word_1_52' title='bbox 1842 751 1893 836; x_wconf 69' lang='lat' dir='ltr'><em>b·</em></span> 
     </span>
     <span class='ocr_line' id='line_1_6' title="bbox 887 854 1894 959; baseline -0.004 -26"><span class='ocrx_word' id='word_1_53' title='bbox 887 854 904 870; x_wconf 66' lang='lat'><em>⁶</em></span> <span class='ocrx_word' id='word_1_54' title='bbox 1125 863 1238 952; x_wconf 79' lang='lat' dir='ltr'><em>insulis</em></span> <span class='ocrx_word' id='word_1_55' title='bbox 1263 869 1304 936; x_wconf 90' lang='lat' dir='ltr'><em>de</em></span> <span class='ocrx_word' id='word_1_56' title='bbox 1327 864 1498 959; x_wconf 84' lang='lat' dir='ltr'><em>Pignolaso</em></span> <span class='ocrx_word' id='word_1_57' title='bbox 1532 860 1723 934; x_wconf 78' lang='lat' dir='ltr'><em>urebantur.</em></span> <span class='ocrx_word' id='word_1_58' title='bbox 1764 858 1894 931; x_wconf 87' lang='lat' dir='ltr'><em>Mulie·</em></span> 
     </span>
     <span class='ocr_line' id='line_1_7' title="bbox 1124 961 1897 1061; baseline -0.003 -29"><span class='ocrx_word' id='word_1_59' title='bbox 1124 989 1171 1033; x_wconf 88' lang='lat' dir='ltr'><em>res</em></span> <span class='ocrx_word' id='word_1_60' title='bbox 1197 965 1315 1036; x_wconf 79' lang='lat' dir='ltr'><em>runicis</em></span> <span class='ocrx_word' id='word_1_61' title='bbox 1339 967 1379 1036; x_wconf 91' lang='lat' dir='ltr'><em>de</em></span> <span class='ocrx_word' id='word_1_62' title='bbox 1404 965 1605 1061; x_wconf 84' lang='lat' dir='ltr'><em>Pignolaso,·</em></span> <span class='ocrx_word' id='word_1_63' title='bbox 1643 968 1741 1034; x_wconf 82' lang='lat' dir='ltr'><em>eriam</em></span> <span class='ocrx_word' id='word_1_64' title='bbox 1765 961 1897 1057; x_wconf 57' lang='lat' dir='ltr'><em>mando</em></span> 
     </span>
     <span class='ocr_line' id='line_1_8' title="bbox 1123 1062 1895 1163; baseline 0 -29"><span class='ocrx_word' id='word_1_65' title='bbox 1123 1065 1295 1136; x_wconf 78' lang='lat' dir='ltr'><em>veniebam</em></span> <span class='ocrx_word' id='word_1_66' title='bbox 1320 1067 1366 1137; x_wconf 87' lang='lat' dir='ltr'><em>ad</em></span> <span class='ocrx_word' id='word_1_67' title='bbox 1390 1067 1520 1163; x_wconf 77' lang='lat' dir='ltr'><em>nuptias</em></span> <span class='ocrx_word' id='word_1_68' title='bbox 1544 1064 1630 1134; x_wconf 88' lang='lat' dir='ltr'><em>viris</em></span> <span class='ocrx_word' id='word_1_69' title='bbox 1649 1063 1720 1155; x_wconf 83' lang='lat' dir='ltr'><em>suis</em></span> <span class='ocrx_word' id='word_1_70' title='bbox 1737 1062 1895 1158; x_wconf 77' lang='lat' dir='ltr'><em>conjuga·</em></span> 
     </span>
     <span class='ocr_line' id='line_1_9' title="bbox 1123 1159 1894 1241; baseline -0.004 -5"><span class='ocrx_word' id='word_1_71' title='bbox 1123 1187 1192 1236; x_wconf 81' lang='lat' dir='ltr'><em>tae.</em></span> <span class='ocrx_word' id='word_1_72' title='bbox 1221 1167 1308 1238; x_wconf 88' lang='lat' dir='ltr'><em>Viles</em></span> <span class='ocrx_word' id='word_1_73' title='bbox 1332 1188 1406 1238; x_wconf 85' lang='lat' dir='ltr'><em>sune</em></span> <span class='ocrx_word' id='word_1_74' title='bbox 1430 1186 1521 1238; x_wconf 71' lang='lat' dir='ltr'><em>erant</em></span> <span class='ocrx_word' id='word_1_75' title='bbox 1546 1166 1649 1236; x_wconf 88' lang='lat' dir='ltr'><em>culsus</em></span> <span class='ocrx_word' id='word_1_76' title='bbox 1673 1164 1815 1234; x_wconf 84' lang='lat' dir='ltr'><em>virorum</em></span> <span class='ocrx_word' id='word_1_77' title='bbox 1842 1159 1894 1241; x_wconf 57' lang='grc' dir='ltr'>θ</span> 
     </span>
     <span class='ocr_line' id='line_1_10' title="bbox 1125 1267 1894 1358; baseline -0.001 -23"><span class='ocrx_word' id='word_1_78' title='bbox 1125 1267 1307 1341; x_wconf 86' lang='lat' dir='ltr'><em>mulierum.</em></span> <span class='ocrx_word' id='word_1_79' title='bbox 1342 1277 1472 1342; x_wconf 72' lang='lat' dir='ltr'><em>Aurum</em></span> <span class='ocrx_word' id='word_1_80' title='bbox 1506 1267 1552 1347; x_wconf 60' lang='grc' dir='ltr'><em>(φ</em></span> <span class='ocrx_word' id='word_1_81' title='bbox 1587 1288 1754 1358; x_wconf 75' lang='lat' dir='ltr'><em>argenium</em></span> <span class='ocrx_word' id='word_1_82' title='bbox 1780 1289 1894 1334; x_wconf 86' lang='lat' dir='ltr'><em>rarum</em></span> 
     </span>
     <span class='ocr_line' id='line_1_11' title="bbox 298 1360 1894 1468; baseline -0.004 -27"><span class='ocrx_word' id='word_1_83' title='bbox 298 1422 310 1462; x_wconf 87' lang='lat'><strong>,</strong></span> <span class='ocrx_word' id='word_1_84' title='bbox 312 1409 495 1458; x_wconf 91' lang='lat'><strong>·····</strong></span> <span class='ocrx_word' id='word_1_85' title='bbox 521 1369 671 1443; x_wconf 79' lang='lat' dir='ltr'><em>laudasse</em></span> <span class='ocrx_word' id='word_1_86' title='bbox 695 1371 841 1468; x_wconf 75' lang='lat' dir='ltr'><em>temporis</em></span> <span class='ocrx_word' id='word_1_87' title='bbox 866 1369 960 1446; x_wconf 78' lang='lat' dir='ltr'><em>olli.</em></span> <span class='ocrx_word' id='word_1_88' title='bbox 1047 1360 1076 1432; x_wconf 77' lang='grc' dir='ltr'><strong><em>Β</em></strong></span> <span class='ocrx_word' id='word_1_89' title='bbox 1124 1377 1179 1438; x_wconf 84' lang='lat' dir='ltr'><em>vel</em></span> <span class='ocrx_word' id='word_1_90' title='bbox 1219 1370 1344 1439; x_wconf 86' lang='lat' dir='ltr'><em>nullum</em></span> <span class='ocrx_word' id='word_1_91' title='bbox 1384 1389 1451 1440; x_wconf 86' lang='lat' dir='ltr'><em>eras</em></span> <span class='ocrx_word' id='word_1_92' title='bbox 1492 1370 1526 1439; x_wconf 92' lang='lat' dir='ltr'><em>in</em></span> <span class='ocrx_word' id='word_1_93' title='bbox 1563 1366 1700 1453; x_wconf 74' lang='lat' dir='ltr'><em>uestibus</em></span> <span class='ocrx_word' id='word_1_94' title='bbox 1719 1389 1737 1433; x_wconf 89' lang='lat'><em>.·</em></span> <span class='ocrx_word' id='word_1_95' title='bbox 1772 1387 1894 1459; x_wconf 87' lang='lat' dir='ltr'><em>parcus</em></span> 
     </span>
     <span class='ocr_line' id='line_1_12' title="bbox 1125 1465 1894 1566; baseline -0.004 -26"><span class='ocrx_word' id='word_1_96' title='bbox 1125 1496 1244 1566; x_wconf 83' lang='lat' dir='ltr'><em>quaque</em></span> <span class='ocrx_word' id='word_1_97' title='bbox 1268 1492 1338 1542; x_wconf 80' lang='lat' dir='ltr'><em>mat</em></span> <span class='ocrx_word' id='word_1_98' title='bbox 1361 1469 1491 1544; x_wconf 73' lang='lat' dir='ltr'><em>villus.</em></span> <span class='ocrx_word' id='word_1_99' title='bbox 1531 1468 1652 1561; x_wconf 75' lang='lat' dir='ltr'><em>Plebe&#39;ji</em></span> <span class='ocrx_word' id='word_1_100' title='bbox 1676 1465 1815 1536; x_wconf 81' lang='lat' dir='ltr'><em>homines</em></span> <span class='ocrx_word' id='word_1_101' title='bbox 1841 1487 1894 1537; x_wconf 79' lang='lat' dir='ltr'><em>ser·</em></span> 
     </span>
     <span class='ocr_line' id='line_1_13' title="bbox 1127 1568 1893 1666; baseline -0.004 -26"><span class='ocrx_word' id='word_1_102' title='bbox 1127 1571 1160 1641; x_wconf 92' lang='lat' dir='ltr'><em>in</em></span> <span class='ocrx_word' id='word_1_103' title='bbox 1193 1572 1371 1666; x_wconf 79' lang='lat' dir='ltr'><em>lepsimana</em></span> <span class='ocrx_word' id='word_1_104' title='bbox 1404 1574 1550 1645; x_wconf 79' lang='lat' dir='ltr'><em>semibus</em></span> <span class='ocrx_word' id='word_1_105' title='bbox 1589 1573 1758 1641; x_wconf 73' lang='lat' dir='ltr'><em>recentibus</em></span> <span class='ocrx_word' id='word_1_106' title='bbox 1783 1568 1893 1659; x_wconf 85' lang='lat' dir='ltr'><em>vesce-</em></span> 
     </span>
     <span class='ocr_line' id='line_1_14' title="bbox 1123 1669 1892 1767; baseline -0.007 -22"><span class='ocrx_word' id='word_1_107' title='bbox 1123 1677 1257 1746; x_wconf 76' lang='lat' dir='ltr'><em>bantur.</em></span> <span class='ocrx_word' id='word_1_108' title='bbox 1285 1680 1377 1746; x_wconf 84' lang='lat' dir='ltr'><em>Tunc</em></span> <span class='ocrx_word' id='word_1_109' title='bbox 1399 1676 1535 1767; x_wconf 89' lang='lat' dir='ltr'><em>prandio</em></span> <span class='ocrx_word' id='word_1_110' title='bbox 1559 1675 1692 1744; x_wconf 83' lang='lat' dir='ltr'><em>edebam</em></span> <span class='ocrx_word' id='word_1_111' title='bbox 1729 1669 1813 1741; x_wconf 90' lang='lat' dir='ltr'><em>olera</em></span> <span class='ocrx_word' id='word_1_112' title='bbox 1838 1693 1892 1740; x_wconf 87' lang='lat' dir='ltr'><em>co-</em></span> 
     </span>
     <span class='ocr_line' id='line_1_15' title="bbox 1125 1773 1893 1848; baseline -0.007 -5"><span class='ocrx_word' id='word_1_113' title='bbox 1125 1773 1177 1845; x_wconf 70' lang='lat' dir='ltr'><em>Ha</em></span> <span class='ocrx_word' id='word_1_114' title='bbox 1210 1774 1377 1848; x_wconf 87' lang='lat' dir='ltr'><em>carnibus.</em></span> <span class='ocrx_word' id='word_1_115' title='bbox 1416 1783 1552 1848; x_wconf 83' lang='lat' dir='ltr'><em>Coenam</em></span> <span class='ocrx_word' id='word_1_116' title='bbox 1591 1795 1694 1845; x_wconf 78' lang='lat' dir='ltr'><em>aurem</em></span> <span class='ocrx_word' id='word_1_117' title='bbox 1733 1774 1893 1840; x_wconf 75' lang='lat' dir='ltr'><em>ducebant</em></span> 
     </span>
     <span class='ocr_line' id='line_1_16' title="bbox 1128 1871 1894 1970; baseline -0.007 -27"><span class='ocrx_word' id='word_1_118' title='bbox 1128 1873 1202 1970; x_wconf 84' lang='lat' dir='ltr'><em>iplis</em></span> <span class='ocrx_word' id='word_1_119' title='bbox 1240 1878 1386 1947; x_wconf 85' lang='lat' dir='ltr'><em>carnibus</em></span> <span class='ocrx_word' id='word_1_120' title='bbox 1417 1877 1551 1969; x_wconf 72' lang='lat' dir='ltr'><em>frigidis</em></span> <span class='ocrx_word' id='word_1_121' title='bbox 1590 1871 1774 1963; x_wconf 72' lang='lat' dir='ltr'><em>celero-aris.</em></span> <span class='ocrx_word' id='word_1_122' title='bbox 1816 1874 1894 1940; x_wconf 80' lang='lat' dir='ltr'><em>Non</em></span> 
     </span>
     <span class='ocr_line' id='line_1_17' title="bbox 1124 1969 1893 2066; baseline -0.007 -20"><span class='ocrx_word' id='word_1_123' title='bbox 1124 1976 1267 2048; x_wconf 88' lang='lat' dir='ltr'><em>omnibus</em></span> <span class='ocrx_word' id='word_1_124' title='bbox 1292 1998 1361 2050; x_wconf 83' lang='lat' dir='ltr'><em>eras</em></span> <span class='ocrx_word' id='word_1_125' title='bbox 1388 1978 1460 2066; x_wconf 75' lang='lat' dir='ltr'><em>ulus</em></span> <span class='ocrx_word' id='word_1_126' title='bbox 1486 1976 1562 2047; x_wconf 85' lang='lat' dir='ltr'><em>vini</em></span> <span class='ocrx_word' id='word_1_127' title='bbox 1586 1971 1730 2059; x_wconf 78' lang='lat' dir='ltr'><em>aeliote;</em></span> <span class='ocrx_word' id='word_1_128' title='bbox 1769 1969 1893 2041; x_wconf 68' lang='lat' dir='ltr'><em>modici</em></span> 
     </span>
     <span class='ocr_line' id='line_1_18' title="bbox 244 2068 1890 2181; baseline -0.004 -29"><span class='ocrx_word' id='word_1_129' title='bbox 244 2106 355 2176; x_wconf 88' lang='lat' dir='ltr'><em>quum</em></span> <span class='ocrx_word' id='word_1_130' title='bbox 392 2081 618 2180; x_wconf 79' lang='lat' dir='ltr'><em>Langobardi</em></span> <span class='ocrx_word' id='word_1_131' title='bbox 656 2084 690 2154; x_wconf 80' lang='grc' dir='ltr'><em>δι</em></span> <span class='ocrx_word' id='word_1_132' title='bbox 718 2083 848 2181; x_wconf 81' lang='lat' dir='ltr'><em>reliqui</em></span> <span class='ocrx_word' id='word_1_133' title='bbox 884 2082 1012 2157; x_wconf 88' lang='lat' dir='ltr'><em>Italiae</em></span> <span class='ocrx_word' id='word_1_134' title='bbox 1124 2078 1323 2149; x_wconf 79' lang='lat' dir='ltr'><em>denariorum</em></span> <span class='ocrx_word' id='word_1_135' title='bbox 1351 2080 1480 2173; x_wconf 73' lang='lat' dir='ltr'><em>summb</em></span> <span class='ocrx_word' id='word_1_136' title='bbox 1507 2077 1544 2169; x_wconf 71' lang='lat' dir='ltr'><em>se</em></span> <span class='ocrx_word' id='word_1_137' title='bbox 1592 2073 1755 2164; x_wconf 74' lang='lat' dir='ltr'><em>locupletes</em></span> <span class='ocrx_word' id='word_1_138' title='bbox 1794 2068 1890 2143; x_wconf 59' lang='lat' dir='ltr'><em>bobo*</em></span> 
     </span>
     <span class='ocr_line' id='line_1_19' title="bbox 245 2172 1889 2283; baseline -0.007 -26"><span class='ocrx_word' id='word_1_139' title='bbox 245 2182 397 2281; x_wconf 80' lang='lat' dir='ltr'><em>Populi,</em></span> <span class='ocrx_word' id='word_1_140' title='bbox 439 2182 615 2283; x_wconf 83' lang='lat' dir='ltr'><em>perpetuis</em></span> <span class='ocrx_word' id='word_1_141' title='bbox 641 2181 750 2259; x_wconf 83' lang='lat' dir='ltr'><em>ferme</em></span> <span class='ocrx_word' id='word_1_142' title='bbox 778 2186 881 2258; x_wconf 87' lang='lat' dir='ltr'><em>bellis</em></span> <span class='ocrx_word' id='word_1_143' title='bbox 907 2212 1011 2259; x_wconf 84' lang='lat' dir='ltr'><em>occu·</em></span> <span class='ocrx_word' id='word_1_144' title='bbox 1124 2177 1223 2252; x_wconf 83' lang='lat' dir='ltr'><em>bane.</em></span> <span class='ocrx_word' id='word_1_145' title='bbox 1250 2184 1382 2252; x_wconf 81' lang='lat' dir='ltr'><em>Parvae</em></span> <span class='ocrx_word' id='word_1_146' title='bbox 1404 2201 1479 2253; x_wconf 83' lang='lat' dir='ltr'><em>sune</em></span> <span class='ocrx_word' id='word_1_147' title='bbox 1496 2201 1587 2253; x_wconf 82' lang='lat' dir='ltr'><em>erant</em></span> <span class='ocrx_word' id='word_1_148' title='bbox 1606 2182 1702 2263; x_wconf 76' lang='lat' dir='ltr'><em>cellae</em></span> <span class='ocrx_word' id='word_1_149' title='bbox 1719 2172 1889 2246; x_wconf 81' lang='lat' dir='ltr'><em>vinariae.</em></span> 
     </span>
     <span class='ocr_line' id='line_1_20' title="bbox 244 2276 1890 2384; baseline -0.007 -27"><span class='ocrx_word' id='word_1_150' title='bbox 244 2282 344 2384; x_wconf 80' lang='lat' dir='ltr'><em>pati,</em></span> <span class='ocrx_word' id='word_1_151' title='bbox 380 2300 485 2383; x_wconf 86' lang='lat' dir='ltr'><em>atque</em></span> <span class='ocrx_word' id='word_1_152' title='bbox 511 2287 550 2358; x_wconf 91' lang='lat' dir='ltr'><em>in</em></span> <span class='ocrx_word' id='word_1_153' title='bbox 589 2285 719 2374; x_wconf 80' lang='lat' dir='ltr'><em>armis,</em></span> <span class='ocrx_word' id='word_1_154' title='bbox 760 2286 1011 2369; x_wconf 84' lang='lat' dir='ltr'><em>seditionibus,</em></span> <span class='ocrx_word' id='word_1_155' title='bbox 1046 2283 1080 2357; x_wconf 92' lang='lat' dir='ltr'>C</span> <span class='ocrx_word' id='word_1_156' title='bbox 1124 2286 1244 2354; x_wconf 81' lang='lat' dir='ltr'><em>Horrea</em></span> <span class='ocrx_word' id='word_1_157' title='bbox 1279 2310 1340 2354; x_wconf 93' lang='lat' dir='ltr'><em>non</em></span> <span class='ocrx_word' id='word_1_158' title='bbox 1381 2283 1515 2375; x_wconf 80' lang='lat' dir='ltr'><em>ampla,</em></span> <span class='ocrx_word' id='word_1_159' title='bbox 1554 2276 1783 2375; x_wconf 79' lang='lat' dir='ltr'><em>promptuariis</em></span> <span class='ocrx_word' id='word_1_160' title='bbox 1819 2298 1890 2346; x_wconf 84' lang='lat' dir='ltr'><em>con·</em></span> 
     </span>
     <span class='ocr_line' id='line_1_21' title="bbox 245 2376 1947 2467; baseline -0.008 -8"><span class='ocrx_word' id='word_1_161' title='bbox 245 2384 462 2461; x_wconf 83' lang='lat' dir='ltr'><em>civilibusve</em></span> <span class='ocrx_word' id='word_1_162' title='bbox 499 2385 682 2461; x_wconf 76' lang='lat' dir='ltr'><em>discordiis</em></span> <span class='ocrx_word' id='word_1_163' title='bbox 727 2388 896 2464; x_wconf 82' lang='lat' dir='ltr'><em>innutriti</em></span> <span class='ocrx_word' id='word_1_164' title='bbox 936 2388 1008 2464; x_wconf 88' lang='lat' dir='ltr'><em>sue·</em></span> <span class='ocrx_word' id='word_1_165' title='bbox 1122 2384 1222 2456; x_wconf 85' lang='lat' dir='ltr'><em>renri.</em></span> <span class='ocrx_word' id='word_1_166' title='bbox 1260 2385 1392 2456; x_wconf 74' lang='lat' dir='ltr'><em>Medici</em></span> <span class='ocrx_word' id='word_1_167' title='bbox 1425 2389 1498 2455; x_wconf 83' lang='lat' dir='ltr'><em>dore</em></span> <span class='ocrx_word' id='word_1_168' title='bbox 1534 2381 1697 2452; x_wconf 86' lang='lat' dir='ltr'><em>nubebanr</em></span> <span class='ocrx_word' id='word_1_169' title='bbox 1727 2376 1885 2467; x_wconf 67' lang='lat' dir='ltr'><em>feminae,</em></span> <span class='ocrx_word' id='word_1_170' title='bbox 1945 2386 1947 2391; x_wconf 86' lang='lat'>&#39;</span> 
     </span>
     <span class='ocr_line' id='line_1_22' title="bbox 244 2481 1889 2584; baseline -0.008 -23"><span class='ocrx_word' id='word_1_171' title='bbox 244 2485 343 2568; x_wconf 85' lang='lat' dir='ltr'><em>rint,</em></span> <span class='ocrx_word' id='word_1_172' title='bbox 371 2490 424 2560; x_wconf 88' lang='lat' dir='ltr'><em>nil</em></span> <span class='ocrx_word' id='word_1_173' title='bbox 452 2488 604 2569; x_wconf 87' lang='lat' dir='ltr'><em>mirum,</em></span> <span class='ocrx_word' id='word_1_174' title='bbox 641 2487 662 2560; x_wconf 88' lang='lat' dir='ltr'>fi</span> <span class='ocrx_word' id='word_1_175' title='bbox 691 2488 811 2563; x_wconf 84' lang='lat' dir='ltr'><em>feritas</em></span> <span class='ocrx_word' id='word_1_176' title='bbox 837 2491 1006 2584; x_wconf 77' lang='lat' dir='ltr'><em>quaedam</em></span> <span class='ocrx_word' id='word_1_177' title='bbox 1123 2489 1206 2582; x_wconf 80' lang='lat' dir='ltr'><em>qubd</em></span> <span class='ocrx_word' id='word_1_178' title='bbox 1229 2513 1335 2558; x_wconf 92' lang='lat' dir='ltr'><em>earum</em></span> <span class='ocrx_word' id='word_1_179' title='bbox 1361 2486 1464 2558; x_wconf 82' lang='lat' dir='ltr'><em>culeus</em></span> <span class='ocrx_word' id='word_1_180' title='bbox 1489 2506 1559 2556; x_wconf 92' lang='lat' dir='ltr'><em>eras</em></span> <span class='ocrx_word' id='word_1_181' title='bbox 1576 2481 1792 2578; x_wconf 79' lang='lat' dir='ltr'><em>paiciffimus.</em></span> <span class='ocrx_word' id='word_1_182' title='bbox 1817 2482 1889 2549; x_wconf 84' lang='lat' dir='ltr'><em>l&#39;ir·</em></span> 
     </span>
     <span class='ocr_line' id='line_1_23' title="bbox 243 2579 1889 2682; baseline 0 -21"><span class='ocrx_word' id='word_1_183' title='bbox 243 2586 283 2661; x_wconf 85' lang='lat' dir='ltr'><em>in</em></span> <span class='ocrx_word' id='word_1_184' title='bbox 311 2613 432 2660; x_wconf 88' lang='lat' dir='ltr'><em>eorum</em></span> <span class='ocrx_word' id='word_1_185' title='bbox 454 2588 583 2660; x_wconf 85' lang='lat' dir='ltr'><em>animis</em></span> <span class='ocrx_word' id='word_1_186' title='bbox 602 2587 752 2661; x_wconf 85' lang='lat' dir='ltr'><em>insedit.</em></span> <span class='ocrx_word' id='word_1_187' title='bbox 781 2595 912 2663; x_wconf 85' lang='lat' dir='ltr'><em>Verbm</em></span> <span class='ocrx_word' id='word_1_188' title='bbox 938 2619 1008 2665; x_wconf 91' lang='lat' dir='ltr'><em>non</em></span> <span class='ocrx_word' id='word_1_189' title='bbox 1120 2587 1214 2679; x_wconf 71' lang='lat' dir='ltr'><em>giret</em></span> <span class='ocrx_word' id='word_1_190' title='bbox 1241 2588 1276 2657; x_wconf 78' lang='lat' dir='ltr'><em>ln</em></span> <span class='ocrx_word' id='word_1_191' title='bbox 1300 2585 1450 2660; x_wconf 74' lang='lat' dir='ltr'><em>domibus</em></span> <span class='ocrx_word' id='word_1_192' title='bbox 1475 2608 1602 2682; x_wconf 75' lang='lat' dir='ltr'><em>potrum</em></span> <span class='ocrx_word' id='word_1_193' title='bbox 1628 2585 1739 2654; x_wconf 65' lang='lat' dir='ltr'><em>lunlcl</em></span> <span class='ocrx_word' id='word_1_194' title='bbox 1763 2583 1803 2653; x_wconf 63' lang='lat' dir='ltr'><em>lt</em></span> <span class='ocrx_word' id='word_1_195' title='bbox 1829 2579 1889 2653; x_wconf 82' lang='lat' dir='ltr'><em>Pl·</em></span> 
     </span>
     <span class='ocr_line' id='line_1_24' title="bbox 242 2679 1888 2785; baseline 0.001 -25"><span class='ocrx_word' id='word_1_196' title='bbox 242 2684 275 2760; x_wconf 87' lang='lat' dir='ltr'><em>is</em></span> <span class='ocrx_word' id='word_1_197' title='bbox 302 2684 403 2765; x_wconf 83' lang='lat' dir='ltr'><em>sum,</em></span> <span class='ocrx_word' id='word_1_198' title='bbox 439 2689 501 2781; x_wconf 91' lang='lat' dir='ltr'><em>qui</em></span> <span class='ocrx_word' id='word_1_199' title='bbox 546 2687 764 2780; x_wconf 83' lang='lat' dir='ltr'><em>temporibus</em></span> <span class='ocrx_word' id='word_1_200' title='bbox 799 2689 845 2762; x_wconf 90' lang='lat' dir='ltr'><em>iis</em></span> <span class='ocrx_word' id='word_1_201' title='bbox 873 2692 1008 2766; x_wconf 89' lang='lat' dir='ltr'><em>rullici·</em></span> <span class='ocrx_word' id='word_1_202' title='bbox 1117 2688 1268 2781; x_wconf 86' lang='lat' dir='ltr'><em>gnolaro‚</em></span> <span class='ocrx_word' id='word_1_203' title='bbox 1306 2717 1385 2781; x_wconf 84' lang='lat' dir='ltr'><em>quae</em></span> <span class='ocrx_word' id='word_1_204' title='bbox 1419 2689 1603 2785; x_wconf 74' lang='lat' dir='ltr'><em>appellatur</em></span> <span class='ocrx_word' id='word_1_205' title='bbox 1638 2690 1816 2764; x_wconf 61' lang='lat' dir='ltr'><em>Soranum,</em></span> <span class='ocrx_word' id='word_1_206' title='bbox 1841 2679 1888 2762; x_wconf 58' lang='grc' dir='ltr'><em>θ</em></span> 
     </span>
     <span class='ocr_line' id='line_1_25' title="bbox 243 2787 1888 2886; baseline -0.002 -25"><span class='ocrx_word' id='word_1_207' title='bbox 243 2803 352 2861; x_wconf 89' lang='lat' dir='ltr'><em>tatem</em></span> <span class='ocrx_word' id='word_1_208' title='bbox 384 2812 522 2859; x_wconf 90' lang='lat' dir='ltr'><em>morum</em></span> <span class='ocrx_word' id='word_1_209' title='bbox 549 2787 587 2860; x_wconf 91' lang='lat' dir='ltr'><em>in</em></span> <span class='ocrx_word' id='word_1_210' title='bbox 616 2787 836 2880; x_wconf 84' lang='lat' dir='ltr'><em>habitando,</em></span> <span class='ocrx_word' id='word_1_211' title='bbox 872 2793 910 2866; x_wconf 91' lang='lat' dir='ltr'><em>in</em></span> <span class='ocrx_word' id='word_1_212' title='bbox 949 2820 1008 2864; x_wconf 87' lang='lat' dir='ltr'><em>ve·</em></span> <span class='ocrx_word' id='word_1_213' title='bbox 1117 2789 1343 2883; x_wconf 90' lang='lat' dir='ltr'><em>paludamenro</em></span> <span class='ocrx_word' id='word_1_214' title='bbox 1367 2791 1476 2871; x_wconf 84' lang='lat' dir='ltr'><em>lineo,</em></span> <span class='ocrx_word' id='word_1_215' title='bbox 1517 2792 1600 2886; x_wconf 82' lang='lat' dir='ltr'><em>quad</em></span> <span class='ocrx_word' id='word_1_216' title='bbox 1632 2787 1784 2859; x_wconf 75' lang='lat' dir='ltr'><em>dicebant</em></span> <span class='ocrx_word' id='word_1_217' title='bbox 1807 2791 1888 2858; x_wconf 80' lang='lat' dir='ltr'><em>ch·</em></span> 
     </span>
     <span class='ocr_line' id='line_1_26' title="bbox 243 2885 1888 2989; baseline 0.001 -30"><span class='ocrx_word' id='word_1_218' title='bbox 243 2885 398 2970; x_wconf 88' lang='lat' dir='ltr'><em>scendo,</em></span> <span class='ocrx_word' id='word_1_219' title='bbox 425 2886 464 2960; x_wconf 87' lang='lat' dir='ltr'><em>in</em></span> <span class='ocrx_word' id='word_1_220' title='bbox 491 2888 689 2971; x_wconf 85' lang='lat' dir='ltr'><em>vestiendo,</em></span> <span class='ocrx_word' id='word_1_221' title='bbox 730 2912 836 2989; x_wconf 88' lang='lat' dir='ltr'><em>atque</em></span> <span class='ocrx_word' id='word_1_222' title='bbox 863 2891 901 2966; x_wconf 91' lang='lat' dir='ltr'><em>in</em></span> <span class='ocrx_word' id='word_1_223' title='bbox 928 2893 1009 2968; x_wconf 88' lang='lat' dir='ltr'><em>aliis</em></span> <span class='ocrx_word' id='word_1_224' title='bbox 1120 2917 1209 2977; x_wconf 83' lang='lat' dir='ltr'><em>cam,</em></span> <span class='ocrx_word' id='word_1_225' title='bbox 1244 2913 1335 2963; x_wconf 86' lang='lat' dir='ltr'><em>eeans</em></span> <span class='ocrx_word' id='word_1_226' title='bbox 1378 2913 1558 2964; x_wconf 87' lang='lat' dir='ltr'><em>caneenrae.</em></span> <span class='ocrx_word' id='word_1_227' title='bbox 1599 2896 1740 2961; x_wconf 84' lang='lat' dir='ltr'><em>Ornarus</em></span> <span class='ocrx_word' id='word_1_228' title='bbox 1773 2885 1888 2978; x_wconf 75' lang='lat' dir='ltr'><em>capitis</em></span> 
     </span>
     <span class='ocr_line' id='line_1_27' title="bbox 241 2987 1889 3089; baseline -0.003 -27"><span class='ocrx_word' id='word_1_229' title='bbox 241 2987 415 3063; x_wconf 81' lang='lat' dir='ltr'><em>humanae</em></span> <span class='ocrx_word' id='word_1_230' title='bbox 444 2989 540 3065; x_wconf 88' lang='lat' dir='ltr'><em>vitae</em></span> <span class='ocrx_word' id='word_1_231' title='bbox 560 2990 690 3065; x_wconf 88' lang='lat' dir='ltr'><em>officiis</em></span> <span class='ocrx_word' id='word_1_232' title='bbox 711 2992 935 3066; x_wconf 82' lang='lat' dir='ltr'><em>tribuendam</em></span> <span class='ocrx_word' id='word_1_233' title='bbox 955 3023 1009 3069; x_wconf 85' lang='lat' dir='ltr'><em>ar·</em></span> <span class='ocrx_word' id='word_1_234' title='bbox 1120 3018 1181 3062; x_wconf 86' lang='lat' dir='ltr'><em>non</em></span> <span class='ocrx_word' id='word_1_235' title='bbox 1228 2993 1381 3084; x_wconf 72' lang='lat' dir='ltr'><em>pretiosus</em></span> <span class='ocrx_word' id='word_1_236' title='bbox 1428 3015 1497 3067; x_wconf 84' lang='lat' dir='ltr'><em>erar</em></span> <span class='ocrx_word' id='word_1_237' title='bbox 1552 2988 1742 3089; x_wconf 79' lang='lat' dir='ltr'><em>Virginibus</em></span> <span class='ocrx_word' id='word_1_238' title='bbox 1794 3010 1889 3086; x_wconf 78' lang='lat' dir='ltr'><em>usqae</em></span> 
     </span>
    </p>
   </div>
   <div class='ocr_carea' id='block_1_3' title="bbox 246 859 1011 1239">
    <p class='ocr_par' dir='ltr' id='par_1_3' title="bbox 246 859 1011 1239">
     <span class='ocr_line' id='line_1_28' title="bbox 248 859 1011 957; baseline -0.001 -22"><span class='ocrx_word' id='word_1_239' title='bbox 248 866 360 952; x_wconf 83' lang='lat' dir='ltr'><em>nobis,</em></span> <span class='ocrx_word' id='word_1_240' title='bbox 388 865 435 944; x_wconf 77' lang='lat'><em>&amp;¹</em></span> <span class='ocrx_word' id='word_1_241' title='bbox 460 862 601 932; x_wconf 86' lang='lat' dir='ltr'><em>omnibus</em></span> <span class='ocrx_word' id='word_1_242' title='bbox 622 859 798 954; x_wconf 79' lang='lat' dir='ltr'><em>gentibus,</em></span> <span class='ocrx_word' id='word_1_243' title='bbox 824 885 957 957; x_wconf 83' lang='lat' dir='ltr'><em>quarum</em></span> <span class='ocrx_word' id='word_1_244' title='bbox 976 866 1011 934; x_wconf 89' lang='lat' dir='ltr'><em>in</em></span> 
     </span>
     <span class='ocr_line' id='line_1_29' title="bbox 249 961 1010 1053; baseline 0.001 -17"><span class='ocrx_word' id='word_1_245' title='bbox 249 963 360 1046; x_wconf 82' lang='lat' dir='ltr'><em>molleis</em></span> <span class='ocrx_word' id='word_1_246' title='bbox 377 961 504 1053; x_wconf 86' lang='lat' dir='ltr'><em>finibus</em></span> <span class='ocrx_word' id='word_1_247' title='bbox 530 963 713 1048; x_wconf 74' lang='lat' dir='ltr'><em>resonabat.</em></span> <span class='ocrx_word' id='word_1_248' title='bbox 749 964 814 1034; x_wconf 83' lang='lat' dir='ltr'><em>Sed</em></span> <span class='ocrx_word' id='word_1_249' title='bbox 850 963 1010 1037; x_wconf 85' lang='lat' dir='ltr'><em>Landul·</em></span> 
     </span>
     <span class='ocr_line' id='line_1_30' title="bbox 248 1059 1010 1163; baseline 0.007 -28"><span class='ocrx_word' id='word_1_250' title='bbox 248 1064 337 1162; x_wconf 85' lang='lat' dir='ltr'><em>phus</em></span> <span class='ocrx_word' id='word_1_251' title='bbox 369 1063 464 1135; x_wconf 55' lang='lat' dir='ltr'><em>*haec</em></span> <span class='ocrx_word' id='word_1_252' title='bbox 509 1059 685 1163; x_wconf 86' lang='lat' dir='ltr'><em>scripserit</em></span> <span class='ocrx_word' id='word_1_253' title='bbox 723 1061 848 1138; x_wconf 82' lang='lat' dir='ltr'><em>senex:</em></span> <span class='ocrx_word' id='word_1_254' title='bbox 892 1065 1010 1140; x_wconf 86' lang='lat' dir='ltr'><em>omnis</em></span> 
     </span>
     <span class='ocr_line' id='line_1_31' title="bbox 246 1161 501 1239; baseline 0.004 -2"><span class='ocrx_word' id='word_1_255' title='bbox 246 1181 365 1239; x_wconf 88' lang='lat' dir='ltr'><em>autem</em></span> <span class='ocrx_word' id='word_1_256' title='bbox 397 1161 501 1239; x_wconf 86' lang='lat' dir='ltr'><em>senex</em></span> 
     </span>
    </p>
   </div>
   <div class='ocr_carea' id='block_1_4' title="bbox 243 1570 1012 1968">
    <p class='ocr_par' dir='ltr' id='par_1_4' title="bbox 243 1570 1012 1968">
     <span class='ocr_line' id='line_1_32' title="bbox 246 1570 1009 1674; baseline 0.004 -31"><span class='ocrx_word' id='word_1_257' title='bbox 246 1571 387 1662; x_wconf 81' lang='lat' dir='ltr'><em>Jomdiu</em></span> <span class='ocrx_word' id='word_1_258' title='bbox 429 1587 523 1646; x_wconf 79' lang='lat' dir='ltr'><em>certe</em></span> <span class='ocrx_word' id='word_1_259' title='bbox 559 1572 665 1646; x_wconf 87' lang='lat' dir='ltr'><em>Italia</em></span> <span class='ocrx_word' id='word_1_260' title='bbox 693 1571 827 1647; x_wconf 87' lang='lat' dir='ltr'><em>morbis</em></span> <span class='ocrx_word' id='word_1_261' title='bbox 852 1570 1009 1674; x_wconf 76' lang='lat' dir='ltr'><em>graviffi-</em></span> 
     </span>
     <span class='ocr_line' id='line_1_33' title="bbox 245 1673 1012 1774; baseline 0.005 -28"><span class='ocrx_word' id='word_1_262' title='bbox 245 1673 315 1746; x_wconf 82' lang='lat' dir='ltr'><em>mis</em></span> <span class='ocrx_word' id='word_1_263' title='bbox 343 1675 549 1747; x_wconf 83' lang='lat' dir='ltr'><em>laborabat.</em></span> <span class='ocrx_word' id='word_1_264' title='bbox 578 1679 703 1772; x_wconf 87' lang='lat' dir='ltr'><em>Neque</em></span> <span class='ocrx_word' id='word_1_265' title='bbox 730 1673 809 1750; x_wconf 88' lang='lat' dir='ltr'><em>sane</em></span> <span class='ocrx_word' id='word_1_266' title='bbox 835 1677 909 1774; x_wconf 80' lang='lat' dir='ltr'><em>ejus</em></span> <span class='ocrx_word' id='word_1_267' title='bbox 936 1678 1012 1750; x_wconf 88' lang='lat' dir='ltr'><em>lau·</em></span> 
     </span>
     <span class='ocr_line' id='line_1_34' title="bbox 245 1773 1012 1875; baseline 0.005 -29"><span class='ocrx_word' id='word_1_268' title='bbox 245 1773 305 1847; x_wconf 86' lang='lat' dir='ltr'><em>des</em></span> <span class='ocrx_word' id='word_1_269' title='bbox 341 1775 383 1846; x_wconf 89' lang='lat' dir='ltr'><em>ad</em></span> <span class='ocrx_word' id='word_1_270' title='bbox 412 1777 575 1849; x_wconf 85' lang='lat' dir='ltr'><em>Seculum</em></span> <span class='ocrx_word' id='word_1_271' title='bbox 605 1781 647 1849; x_wconf 84' lang='lat' dir='ltr'><em>X.</em></span> <span class='ocrx_word' id='word_1_272' title='bbox 677 1777 904 1872; x_wconf 80' lang='lat' dir='ltr'><em>praecedens,</em></span> <span class='ocrx_word' id='word_1_273' title='bbox 941 1805 1012 1875; x_wconf 91' lang='lat' dir='ltr'><em>quo</em></span> 
     </span>
     <span class='ocr_line' id='line_1_35' title="bbox 243 1876 943 1968; baseline 0 -19"><span class='ocrx_word' id='word_1_274' title='bbox 243 1877 382 1949; x_wconf 85' lang='lat' dir='ltr'><em>nullum</em></span> <span class='ocrx_word' id='word_1_275' title='bbox 412 1877 593 1968; x_wconf 87' lang='lat' dir='ltr'><em>deterius,</em></span> <span class='ocrx_word' id='word_1_276' title='bbox 620 1876 816 1952; x_wconf 84' lang='lat' dir='ltr'><em>referendae</em></span> <span class='ocrx_word' id='word_1_277' title='bbox 843 1879 943 1953; x_wconf 91' lang='lat' dir='ltr'><em>sunt.</em></span> 
     </span>
    </p>
   </div>
   <div class='ocr_carea' id='block_1_5' title="bbox 317 1980 1010 2056">
    <p class='ocr_par' dir='ltr' id='par_1_5' title="bbox 317 1980 1010 2056">
     <span class='ocr_line' id='line_1_36' title="bbox 317 1980 1010 2056; baseline 0.004 -4"><span class='ocrx_word' id='word_1_278' title='bbox 317 1980 486 2052; x_wconf 85' lang='lat' dir='ltr'><em>Ceterum</em></span> <span class='ocrx_word' id='word_1_279' title='bbox 533 1982 657 2054; x_wconf 86' lang='lat' dir='ltr'><em>Seculo</em></span> <span class='ocrx_word' id='word_1_280' title='bbox 708 1985 787 2054; x_wconf 78' lang='grc' dir='ltr'><em>ΧΠ.</em></span> <span class='ocrx_word' id='word_1_281' title='bbox 832 1985 866 2056; x_wconf 83' lang='lat' dir='ltr'><em>br</em></span> <span class='ocrx_word' id='word_1_282' title='bbox 910 1986 1010 2055; x_wconf 80' lang='lat' dir='ltr'><em>xm.</em></span> 
     </span>
    </p>
   </div>
   <div class='ocr_carea' id='block_1_6' title="bbox 243 3091 1009 3190">
    <p class='ocr_par' dir='ltr' id='par_1_6' title="bbox 243 3091 1009 3190">
     <span class='ocr_line' id='line_1_37' title="bbox 243 3091 1009 3190; baseline 0.008 -26"><span class='ocrx_word' id='word_1_283' title='bbox 243 3091 377 3179; x_wconf 79' lang='lat' dir='ltr'><em>bitrer,</em></span> <span class='ocrx_word' id='word_1_284' title='bbox 420 3119 634 3190; x_wconf 88' lang='lat' dir='ltr'><em>quamquam</em></span> <span class='ocrx_word' id='word_1_285' title='bbox 672 3094 708 3166; x_wconf 92' lang='lat' dir='ltr'><em>id</em></span> <span class='ocrx_word' id='word_1_286' title='bbox 751 3094 864 3169; x_wconf 87' lang='lat' dir='ltr'><em>visum</em></span> <span class='ocrx_word' id='word_1_287' title='bbox 902 3095 1009 3170; x_wconf 88' lang='lat' dir='ltr'><em>suerit</em></span> 
     </span>
    </p>
   </div>
   <div class='ocr_carea' id='block_1_7' title="bbox 1121 3092 1887 3190">
    <p class='ocr_par' dir='ltr' id='par_1_7' title="bbox 1121 3092 1887 3190">
     <span class='ocr_line' id='line_1_38' title="bbox 1121 3092 1887 3190; baseline -0.004 -27"><span class='ocrx_word' id='word_1_288' title='bbox 1121 3094 1262 3185; x_wconf 78' lang='lat' dir='ltr'><em>Nuptis.</em></span> <span class='ocrx_word' id='word_1_289' title='bbox 1298 3093 1501 3190; x_wconf 78' lang='lat' dir='ltr'><em>Coniugarae</em></span> <span class='ocrx_word' id='word_1_290' title='bbox 1524 3095 1604 3167; x_wconf 80' lang='lat' dir='ltr'><em>laris</em></span> <span class='ocrx_word' id='word_1_291' title='bbox 1627 3092 1723 3165; x_wconf 78' lang='lat' dir='ltr'><em>vitris</em></span> <span class='ocrx_word' id='word_1_292' title='bbox 1748 3111 1887 3180; x_wconf 79' lang='lat' dir='ltr'><em>tempora</em></span> 
     </span>
    </p>
   </div>
   <div class='ocr_carea' id='block_1_8' title="bbox 244 3191 1883 3294">
    <p class='ocr_par' dir='ltr' id='par_1_8' title="bbox 244 3191 1883 3294">
     <span class='ocr_line' id='line_1_39' title="bbox 244 3191 1883 3294; baseline -0.004 -26"><span class='ocrx_word' id='word_1_293' title='bbox 244 3192 444 3270; x_wconf 88' lang='lat' dir='ltr'><em>Ricobaldo</em></span> <span class='ocrx_word' id='word_1_294' title='bbox 471 3194 704 3282; x_wconf 80' lang='lat' dir='ltr'><em>Ferrarienss,</em></span> <span class='ocrx_word' id='word_1_295' title='bbox 732 3197 794 3294; x_wconf 87' lang='lat' dir='ltr'><em>qui</em></span> <span class='ocrx_word' id='word_1_296' title='bbox 822 3197 882 3271; x_wconf 91' lang='lat' dir='ltr'><em>sub</em></span> <span class='ocrx_word' id='word_1_297' title='bbox 903 3198 1008 3273; x_wconf 87' lang='lat' dir='ltr'><em>finem</em></span> <span class='ocrx_word' id='word_1_298' title='bbox 1047 3195 1081 3264; x_wconf 88' lang='lat' dir='ltr'>D</span> <span class='ocrx_word' id='word_1_299' title='bbox 1121 3191 1167 3271; x_wconf 56' lang='lat' dir='ltr'><em>ds</em></span> <span class='ocrx_word' id='word_1_300' title='bbox 1190 3222 1289 3290; x_wconf 84' lang='lat' dir='ltr'><em>genas</em></span> <span class='ocrx_word' id='word_1_301' title='bbox 1310 3195 1373 3287; x_wconf 70' lang='lat' dir='ltr'><em>jub</em></span> <span class='ocrx_word' id='word_1_302' title='bbox 1399 3219 1537 3267; x_wconf 88' lang='lat' dir='ltr'><em>menrum</em></span> <span class='ocrx_word' id='word_1_303' title='bbox 1563 3193 1747 3268; x_wconf 82' lang='lat' dir='ltr'><em>oisrabans.</em></span> <span class='ocrx_word' id='word_1_304' title='bbox 1789 3193 1883 3261; x_wconf 76' lang='lat' dir='ltr'><em>Viro·</em></span> 
     </span>
    </p>
   </div>
   <div class='ocr_carea' id='block_1_9' title="bbox 242 3296 1010 3691">
    <p class='ocr_par' dir='ltr' id='par_1_9' title="bbox 242 3296 1010 3691">
     <span class='ocr_line' id='line_1_40' title="bbox 245 3296 1010 3376; baseline 0.007 -5"><span class='ocrx_word' id='word_1_305' title='bbox 245 3299 362 3373; x_wconf 87' lang='lat' dir='ltr'><em>Seculi</em></span> <span class='ocrx_word' id='word_1_306' title='bbox 406 3302 504 3371; x_wconf 83' lang='lat' dir='ltr'><em>Xlll.</em></span> <span class='ocrx_word' id='word_1_307' title='bbox 545 3296 642 3373; x_wconf 90' lang='lat' dir='ltr'><em>suum</em></span> <span class='ocrx_word' id='word_1_308' title='bbox 681 3299 889 3375; x_wconf 75' lang='lat' dir='ltr'><em>Chronicon</em></span> <span class='ocrx_word' id='word_1_309' title='bbox 928 3300 1010 3376; x_wconf 86' lang='lat' dir='ltr'><em>scri·</em></span> 
     </span>
     <span class='ocr_line' id='line_1_41' title="bbox 244 3397 1010 3494; baseline 0.009 -26"><span class='ocrx_word' id='word_1_310' title='bbox 244 3397 332 3494; x_wconf 76' lang='lat' dir='ltr'><em>pst,</em></span> <span class='ocrx_word' id='word_1_311' title='bbox 359 3400 494 3471; x_wconf 86' lang='lat' dir='ltr'><em>editum</em></span> <span class='ocrx_word' id='word_1_312' title='bbox 521 3402 643 3471; x_wconf 84' lang='lat' dir='ltr'><em>Tomo</em></span> <span class='ocrx_word' id='word_1_313' title='bbox 672 3404 734 3470; x_wconf 85' lang='lat' dir='ltr'><em>tx.</em></span> <span class='ocrx_word' id='word_1_314' title='bbox 761 3407 840 3474; x_wconf 85' lang='lat' dir='ltr'><em>Rer.</em></span> <span class='ocrx_word' id='word_1_315' title='bbox 867 3404 1010 3475; x_wconf 86' lang='lat' dir='ltr'><em>Italica·</em></span> 
     </span>
     <span class='ocr_line' id='line_1_42' title="bbox 242 3494 1009 3598; baseline 0.005 -29"><span class='ocrx_word' id='word_1_316' title='bbox 242 3521 345 3569; x_wconf 85' lang='lat' dir='ltr'><em>sum.</em></span> <span class='ocrx_word' id='word_1_317' title='bbox 382 3494 624 3570; x_wconf 71' lang='lat' dir='ltr'><em>Celeberrimos</em></span> <span class='ocrx_word' id='word_1_318' title='bbox 662 3496 742 3572; x_wconf 88' lang='lat' dir='ltr'><em>sunt</em></span> <span class='ocrx_word' id='word_1_319' title='bbox 781 3501 855 3598; x_wconf 88' lang='lat' dir='ltr'><em>ejus</em></span> <span class='ocrx_word' id='word_1_320' title='bbox 881 3503 1009 3585; x_wconf 84' lang='lat' dir='ltr'><em>verba,</em></span> 
     </span>
     <span class='ocr_line' id='line_1_43' title="bbox 243 3593 1008 3691; baseline 0.013 -24"><span class='ocrx_word' id='word_1_321' title='bbox 243 3620 355 3691; x_wconf 88' lang='lat' dir='ltr'><em>eaque</em></span> <span class='ocrx_word' id='word_1_322' title='bbox 372 3621 392 3666; x_wconf 89' lang='lat' dir='ltr'><em>a</em></span> <span class='ocrx_word' id='word_1_323' title='bbox 412 3593 698 3690; x_wconf 87' lang='lat' dir='ltr'><em>subsequentibus</em></span> <span class='ocrx_word' id='word_1_324' title='bbox 721 3598 911 3673; x_wconf 83' lang='lat' dir='ltr'><em>Historicis</em></span> <span class='ocrx_word' id='word_1_325' title='bbox 931 3602 1008 3676; x_wconf 86' lang='lat' dir='ltr'><em>avi·</em></span> 
     </span>
    </p>
   </div>
   <div class='ocr_carea' id='block_1_10' title="bbox 243 3692 1008 3899">
    <p class='ocr_par' dir='ltr' id='par_1_10' title="bbox 243 3692 1008 3899">
     <span class='ocr_line' id='line_1_44' title="bbox 243 3692 1008 3781; baseline 0.013 -12"><span class='ocrx_word' id='word_1_326' title='bbox 243 3692 475 3781; x_wconf 79' lang='lat' dir='ltr'><em>defuerunt,</em></span> <span class='ocrx_word' id='word_1_327' title='bbox 512 3713 552 3768; x_wconf 91' lang='lat' dir='ltr'><em>ut</em></span> <span class='ocrx_word' id='word_1_328' title='bbox 591 3694 629 3768; x_wconf 89' lang='lat' dir='ltr'><em>in</em></span> <span class='ocrx_word' id='word_1_329' title='bbox 670 3697 786 3771; x_wconf 85' lang='lat' dir='ltr'><em>MStis</em></span> <span class='ocrx_word' id='word_1_330' title='bbox 812 3699 1008 3778; x_wconf 83' lang='lat' dir='ltr'><em>Codiribus</em></span> 
     </span>
     <span class='ocr_line' id='line_1_45' title="bbox 243 3793 1006 3899; baseline 0.007 -28"><span class='ocrx_word' id='word_1_331' title='bbox 243 3793 502 3886; x_wconf 78' lang='lat' dir='ltr'><em>animaduerti,</em></span> <span class='ocrx_word' id='word_1_332' title='bbox 530 3816 695 3899; x_wconf 86' lang='lat' dir='ltr'><em>accepta,</em></span> <span class='ocrx_word' id='word_1_333' title='bbox 722 3799 783 3875; x_wconf 90' lang='lat' dir='ltr'><em>ubi</em></span> <span class='ocrx_word' id='word_1_334' title='bbox 809 3808 849 3874; x_wconf 86' lang='lat' dir='ltr'><em>de</em></span> <span class='ocrx_word' id='word_1_335' title='bbox 873 3804 1006 3876; x_wconf 85' lang='lat' dir='ltr'><em>rudibus</em></span> 
     </span>
    </p>
   </div>
   <div class='ocr_carea' id='block_1_11' title="bbox 173 3899 1007 4086">
    <p class='ocr_par' dir='ltr' id='par_1_11' title="bbox 173 3899 1007 4086">
     <span class='ocr_line' id='line_1_46' title="bbox 173 3899 1004 4002; baseline 0.014 -33"><span class='ocrx_word' id='word_1_336' title='bbox 173 3903 176 3910; x_wconf 80' lang='grc'>’</span> <span class='ocrx_word' id='word_1_337' title='bbox 242 3899 377 3972; x_wconf 86' lang='lat' dir='ltr'><em>moribus</em></span> <span class='ocrx_word' id='word_1_338' title='bbox 414 3900 448 3971; x_wconf 90' lang='lat' dir='ltr'><em>in</em></span> <span class='ocrx_word' id='word_1_339' title='bbox 490 3901 590 3974; x_wconf 76' lang='lat' dir='ltr'><em>ltalia</em></span> <span class='ocrx_word' id='word_1_340' title='bbox 624 3901 719 4002; x_wconf 86' lang='lat' dir='ltr'><em>agit.</em></span> <span class='ocrx_word' id='word_1_341' title='bbox 762 3903 821 3979; x_wconf 83' lang='lat' dir='ltr'><em>Ad</em></span> <span class='ocrx_word' id='word_1_342' title='bbox 859 3909 1004 3982; x_wconf 82' lang='lat' dir='ltr'><em>Annum</em></span> 
     </span>
     <span class='ocr_line' id='line_1_47' title="bbox 244 3999 1007 4086; baseline 0.013 -10"><span class='ocrx_word' id='word_1_343' title='bbox 244 3999 386 4076; x_wconf 80' lang='lat' dir='ltr'><em>circiter</em></span> <span class='ocrx_word' id='word_1_344' title='bbox 425 4006 708 4079; x_wconf 82' lang='lat' dir='ltr'><strong>Mccxxxtv.</strong></span> <span class='ocrx_word' id='word_1_345' title='bbox 750 4005 811 4082; x_wconf 91' lang='lat' dir='ltr'><em>sub</em></span> <span class='ocrx_word' id='word_1_346' title='bbox 851 4009 1007 4086; x_wconf 77' lang='lat' dir='ltr'><em>frideri-</em></span> 
     </span>
    </p>
   </div>
   <div class='ocr_carea' id='block_1_12' title="bbox 1119 3292 1887 4105">
    <p class='ocr_par' dir='ltr' id='par_1_12' title="bbox 1119 3292 1887 4105">
     <span class='ocr_line' id='line_1_48' title="bbox 1122 3292 1882 3394; baseline 0.003 -31"><span class='ocrx_word' id='word_1_347' title='bbox 1122 3324 1190 3367; x_wconf 91' lang='lat' dir='ltr'><em>eum</em></span> <span class='ocrx_word' id='word_1_348' title='bbox 1225 3319 1299 3369; x_wconf 89' lang='lat' dir='ltr'><em>runc</em></span> <span class='ocrx_word' id='word_1_349' title='bbox 1331 3322 1400 3371; x_wconf 84' lang='lat' dir='ltr'><em>eras</em></span> <span class='ocrx_word' id='word_1_350' title='bbox 1431 3300 1539 3394; x_wconf 90' lang='lat' dir='ltr'><em>gloria</em></span> <span class='ocrx_word' id='word_1_351' title='bbox 1573 3293 1630 3391; x_wconf 68' lang='lat' dir='ltr'><em>effe</em></span> <span class='ocrx_word' id='word_1_352' title='bbox 1654 3294 1689 3366; x_wconf 92' lang='lat' dir='ltr'><em>in</em></span> <span class='ocrx_word' id='word_1_353' title='bbox 1713 3293 1809 3368; x_wconf 73' lang='lat' dir='ltr'><em>mnis</em></span> <span class='ocrx_word' id='word_1_354' title='bbox 1836 3292 1882 3365; x_wconf 68' lang='grc' dir='ltr'><em>θ’</em></span> 
     </span>
     <span class='ocr_line' id='line_1_49' title="bbox 1121 3397 1886 3494; baseline -0.003 -26"><span class='ocrx_word' id='word_1_355' title='bbox 1121 3401 1208 3494; x_wconf 79' lang='lat' dir='ltr'><em>equis</em></span> <span class='ocrx_word' id='word_1_356' title='bbox 1251 3405 1436 3471; x_wconf 87' lang='lat' dir='ltr'><em>commodos.</em></span> <span class='ocrx_word' id='word_1_357' title='bbox 1489 3398 1659 3473; x_wconf 81' lang='lat' dir='ltr'><em>Nobilium</em></span> <span class='ocrx_word' id='word_1_358' title='bbox 1700 3397 1886 3490; x_wconf 81' lang='lat' dir='ltr'><em>locupletum</em></span> 
     </span>
     <span class='ocr_line' id='line_1_50' title="bbox 1120 3501 1887 3596; baseline 0.001 -28"><span class='ocrx_word' id='word_1_359' title='bbox 1120 3521 1188 3570; x_wconf 76' lang='lat' dir='ltr'><em>erat</em></span> <span class='ocrx_word' id='word_1_360' title='bbox 1209 3501 1316 3595; x_wconf 83' lang='lat' dir='ltr'><em>gloria</em></span> <span class='ocrx_word' id='word_1_361' title='bbox 1342 3507 1458 3573; x_wconf 80' lang='lat' dir='ltr'><em>Tunes</em></span> <span class='ocrx_word' id='word_1_362' title='bbox 1483 3501 1625 3574; x_wconf 82' lang='lat' dir='ltr'><em>babere:</em></span> <span class='ocrx_word' id='word_1_363' title='bbox 1659 3525 1720 3596; x_wconf 70' lang='lat' dir='ltr'><em>quo</em></span> <span class='ocrx_word' id='word_1_364' title='bbox 1753 3519 1887 3594; x_wconf 75' lang='lat' dir='ltr'><em>tempore</em></span> 
     </span>
     <span class='ocr_line' id='line_1_51' title="bbox 1121 3597 1883 3698; baseline -0.005 -26"><span class='ocrx_word' id='word_1_365' title='bbox 1121 3604 1216 3672; x_wconf 89' lang='lat' dir='ltr'><em>Urbes</em></span> <span class='ocrx_word' id='word_1_366' title='bbox 1245 3603 1360 3674; x_wconf 82' lang='lat' dir='ltr'><em>ltaliae</em></span> <span class='ocrx_word' id='word_1_367' title='bbox 1394 3602 1541 3698; x_wconf 76' lang='lat' dir='ltr'><em>fingulae</em></span> <span class='ocrx_word' id='word_1_368' title='bbox 1578 3603 1688 3673; x_wconf 85' lang='lat' dir='ltr'><em>mulsit</em></span> <span class='ocrx_word' id='word_1_369' title='bbox 1725 3597 1883 3670; x_wconf 83' lang='lat' dir='ltr'><em>Turribus</em></span> 
     </span>
     <span class='ocr_line' id='line_1_52' title="bbox 1120 3698 1880 3796; baseline -0.003 -24"><span class='ocrx_word' id='word_1_370' title='bbox 1120 3702 1255 3796; x_wconf 76' lang='lat' dir='ltr'><em>inclyrae</em></span> <span class='ocrx_word' id='word_1_371' title='bbox 1280 3703 1484 3794; x_wconf 80' lang='lat' dir='ltr'><em>vilebansur.</em></span> <span class='ocrx_word' id='word_1_372' title='bbox 1511 3708 1611 3779; x_wconf 83' lang='lat' dir='ltr'><em>Haec</em></span> <span class='ocrx_word' id='word_1_373' title='bbox 1638 3698 1880 3789; x_wconf 69' lang='lat' dir='ltr'><em>uticensibus,</em></span> 
     </span>
     <span class='ocr_line' id='line_1_53' title="bbox 1119 3798 1881 3901; baseline -0.007 -25"><span class='ocrx_word' id='word_1_374' title='bbox 1119 3830 1207 3901; x_wconf 89' lang='lat' dir='ltr'><em>quae</em></span> <span class='ocrx_word' id='word_1_375' title='bbox 1234 3824 1351 3878; x_wconf 88' lang='lat' dir='ltr'><em>tamen</em></span> <span class='ocrx_word' id='word_1_376' title='bbox 1380 3805 1508 3888; x_wconf 86' lang='lat' dir='ltr'><em>alicui,</em></span> <span class='ocrx_word' id='word_1_377' title='bbox 1544 3803 1659 3877; x_wconf 89' lang='lat' dir='ltr'><em>immo</em></span> <span class='ocrx_word' id='word_1_378' title='bbox 1696 3798 1881 3881; x_wconf 66' lang='lat' dir='ltr'><em>anibi.</em></span> 
     </span>
     <span class='ocr_line' id='line_1_54' title="bbox 1121 3899 1882 3982; baseline -0.005 -3"><span class='ocrx_word' id='word_1_379' title='bbox 1121 3907 1186 3979; x_wconf 83' lang='lat' dir='ltr'><em>vix</em></span> <span class='ocrx_word' id='word_1_380' title='bbox 1228 3906 1410 3982; x_wconf 86' lang='lat' dir='ltr'><em>credibilia</em></span> <span class='ocrx_word' id='word_1_381' title='bbox 1447 3904 1659 3978; x_wconf 80' lang='lat' dir='ltr'><em>videantur.</em></span> <span class='ocrx_word' id='word_1_382' title='bbox 1710 3905 1804 3974; x_wconf 91' lang='lat' dir='ltr'><em>Nam</em></span> <span class='ocrx_word' id='word_1_383' title='bbox 1854 3899 1882 3975; x_wconf 86' lang='lat' dir='ltr'><em>si</em></span> 
     </span>
     <span class='ocr_line' id='line_1_55' title="bbox 1120 3999 1883 4105; baseline -0.001 -26"><span class='ocrx_word' id='word_1_384' title='bbox 1120 4030 1200 4082; x_wconf 86' lang='lat' dir='ltr'><em>anre</em></span> <span class='ocrx_word' id='word_1_385' title='bbox 1227 4009 1290 4083; x_wconf 89' lang='lat' dir='ltr'><em>illa</em></span> <span class='ocrx_word' id='word_1_386' title='bbox 1317 4030 1470 4105; x_wconf 70' lang='lat' dir='ltr'><em>tempora</em></span> <span class='ocrx_word' id='word_1_387' title='bbox 1496 4007 1621 4080; x_wconf 82' lang='lat' dir='ltr'><em>luxum</em></span> <span class='ocrx_word' id='word_1_388' title='bbox 1648 4003 1686 4077; x_wconf 86' lang='lat' dir='ltr'><em>in</em></span> <span class='ocrx_word' id='word_1_389' title='bbox 1706 3999 1883 4078; x_wconf 77' lang='lat' dir='ltr'><em>teclefia-</em></span> 
     </span>
    </p>
   </div>
   <div class='ocr_carea' id='block_1_13' title="bbox 241 4103 1882 4212">
    <p class='ocr_par' dir='ltr' id='par_1_13' title="bbox 241 4103 1882 4212">
     <span class='ocr_line' id='line_1_56' title="bbox 241 4103 1882 4212; baseline -0.003 -26"><span class='ocrx_word' id='word_1_390' title='bbox 241 4103 565 4203; x_wconf 68' lang='lat' dir='ltr'><em>0011.Augusto:</em></span> <span class='ocrx_word' id='word_1_391' title='bbox 604 4111 667 4174; x_wconf 73' lang='lat' dir='ltr'><em>Per</em></span> <span class='ocrx_word' id='word_1_392' title='bbox 700 4108 823 4198; x_wconf 74' lang='lat' dir='ltr'><em>hujus,</em></span> <span class='ocrx_word' id='word_1_393' title='bbox 859 4111 1007 4212; x_wconf 85' lang='lat' dir='ltr'><em>inquit,</em></span> <span class='ocrx_word' id='word_1_394' title='bbox 1046 4105 1077 4176; x_wconf 80' lang='grc' dir='ltr'>Ε</span> <span class='ocrx_word' id='word_1_395' title='bbox 1119 4111 1211 4185; x_wconf 87' lang='lat' dir='ltr'><em>sticis</em></span> <span class='ocrx_word' id='word_1_396' title='bbox 1240 4113 1327 4186; x_wconf 87' lang='lat' dir='ltr'><em>viris</em></span> <span class='ocrx_word' id='word_1_397' title='bbox 1361 4113 1562 4184; x_wconf 86' lang='lat' dir='ltr'><em>damnatum</em></span> <span class='ocrx_word' id='word_1_398' title='bbox 1599 4105 1784 4186; x_wconf 81' lang='lat' dir='ltr'><em>videmus,</em></span> <span class='ocrx_word' id='word_1_399' title='bbox 1820 4131 1882 4182; x_wconf 88' lang='lat' dir='ltr'><em>cur</em></span> 
     </span>
    </p>
   </div>
   <div class='ocr_carea' id='block_1_14' title="bbox 228 4206 1006 4815">
    <p class='ocr_par' dir='ltr' id='par_1_14' title="bbox 228 4206 1006 4815">
     <span class='ocr_line' id='line_1_57' title="bbox 240 4206 1003 4308; baseline -0.016 -24"><span class='ocrx_word' id='word_1_400' title='bbox 240 4206 443 4308; x_wconf 80' lang='lat' dir='ltr'><em>Imperatoris</em></span> <span class='ocrx_word' id='word_1_401' title='bbox 469 4229 606 4302; x_wconf 77' lang='lat' dir='ltr'><em>tempora</em></span> <span class='ocrx_word' id='word_1_402' title='bbox 632 4207 724 4276; x_wconf 88' lang='lat' dir='ltr'><em>rudes</em></span> <span class='ocrx_word' id='word_1_403' title='bbox 748 4231 840 4278; x_wconf 87' lang='lat' dir='ltr'><em>crans</em></span> <span class='ocrx_word' id='word_1_404' title='bbox 867 4212 900 4283; x_wconf 93' lang='lat' dir='ltr'><em>in</em></span> <span class='ocrx_word' id='word_1_405' title='bbox 935 4221 1003 4287; x_wconf 82' lang='lat' dir='ltr'><em>Ira.</em></span> 
     </span>
     <span class='ocr_line' id='line_1_58' title="bbox 240 4307 1006 4401; baseline 0.001 -16"><span class='ocrx_word' id='word_1_406' title='bbox 240 4312 397 4386; x_wconf 80' lang='lat' dir='ltr'><em>linricus</em></span> <span class='ocrx_word' id='word_1_407' title='bbox 423 4311 468 4381; x_wconf 77' lang='lat'><em>(9&#39;</em></span> <span class='ocrx_word' id='word_1_408' title='bbox 493 4333 612 4381; x_wconf 77' lang='lat' dir='ltr'><em>mores:</em></span> <span class='ocrx_word' id='word_1_409' title='bbox 638 4335 712 4381; x_wconf 89' lang='lat' dir='ltr'><em>narn</em></span> <span class='ocrx_word' id='word_1_410' title='bbox 738 4307 807 4379; x_wconf 84' lang='lat' dir='ltr'><em>viri</em></span> <span class='ocrx_word' id='word_1_411' title='bbox 828 4312 951 4401; x_wconf 72' lang='lat' dir='ltr'><em>infulas</em></span> <span class='ocrx_word' id='word_1_412' title='bbox 966 4318 1006 4386; x_wconf 92' lang='lat' dir='ltr'><em>de</em></span> 
     </span>
     <span class='ocr_line' id='line_1_59' title="bbox 236 4409 1006 4508; baseline 0.005 -26"><span class='ocrx_word' id='word_1_413' title='bbox 236 4412 380 4503; x_wconf 81' lang='lat' dir='ltr'><em>squamis</em></span> <span class='ocrx_word' id='word_1_414' title='bbox 402 4414 512 4504; x_wconf 75' lang='lat' dir='ltr'><em>ferreis</em></span> <span class='ocrx_word' id='word_1_415' title='bbox 537 4413 643 4503; x_wconf 84' lang='lat' dir='ltr'><em>sopire</em></span> <span class='ocrx_word' id='word_1_416' title='bbox 661 4409 847 4508; x_wconf 77' lang='lat' dir='ltr'><em>gellabans,</em></span> <span class='ocrx_word' id='word_1_417' title='bbox 884 4412 1006 4504; x_wconf 78' lang='lat' dir='ltr'><em>insutas</em></span> 
     </span>
     <span class='ocr_line' id='line_1_60' title="bbox 242 4511 1004 4612; baseline 0.014 -35"><span class='ocrx_word' id='word_1_418' title='bbox 242 4512 372 4596; x_wconf 83' lang='lat' dir='ltr'><em>bireris,</em></span> <span class='ocrx_word' id='word_1_419' title='bbox 407 4541 486 4609; x_wconf 84' lang='lat' dir='ltr'><em>quas</em></span> <span class='ocrx_word' id='word_1_420' title='bbox 512 4515 722 4612; x_wconf 79' lang='lat' dir='ltr'><em>appellabant</em></span> <span class='ocrx_word' id='word_1_421' title='bbox 756 4511 930 4608; x_wconf 80' lang='lat' dir='ltr'><em>Majasas.</em></span> <span class='ocrx_word' id='word_1_422' title='bbox 966 4523 1004 4588; x_wconf 92' lang='lat' dir='ltr'><em>ln</em></span> 
     </span>
     <span class='ocr_line' id='line_1_61' title="bbox 228 4613 1004 4711; baseline 0.014 -34"><span class='ocrx_word' id='word_1_423' title='bbox 228 4613 340 4681; x_wconf 58' lang='lat' dir='ltr'><em>&gt;coenis</em></span> <span class='ocrx_word' id='word_1_424' title='bbox 365 4615 421 4684; x_wconf 84' lang='lat' dir='ltr'><em>vir</em></span> <span class='ocrx_word' id='word_1_425' title='bbox 437 4615 486 4692; x_wconf 74' lang='lat'><em>&amp;¹</em></span> <span class='ocrx_word' id='word_1_426' title='bbox 508 4643 584 4686; x_wconf 81' lang='lat' dir='ltr'><em>uuor</em></span> <span class='ocrx_word' id='word_1_427' title='bbox 609 4619 675 4688; x_wconf 79' lang='lat' dir='ltr'><em>unl</em></span> <span class='ocrx_word' id='word_1_428' title='bbox 699 4619 932 4690; x_wconf 75' lang='lat' dir='ltr'><em>manducabant</em></span> <span class='ocrx_word' id='word_1_429' title='bbox 944 4638 1004 4711; x_wconf 93' lang='lat' dir='ltr'><em>pa·</em></span> 
     </span>
     <span class='ocr_line' id='line_1_62' title="bbox 240 4709 1004 4815; baseline 0.014 -35"><span class='ocrx_word' id='word_1_430' title='bbox 240 4709 385 4800; x_wconf 80' lang='lat' dir='ltr'><em>soplide.</em></span> <span class='ocrx_word' id='word_1_431' title='bbox 427 4713 504 4797; x_wconf 82' lang='lat' dir='ltr'><em>Usus</em></span> <span class='ocrx_word' id='word_1_432' title='bbox 531 4716 740 4802; x_wconf 72' lang='lat' dir='ltr'><em>incisoriorum</em></span> <span class='ocrx_word' id='word_1_433' title='bbox 765 4720 920 4815; x_wconf 84' lang='lat' dir='ltr'><em>lignorum</em></span> <span class='ocrx_word' id='word_1_434' title='bbox 945 4746 1004 4791; x_wconf 90' lang='lat' dir='ltr'><em>nen</em></span> 
     </span>
    </p>
   </div>
   <div class='ocr_carea' id='block_1_15' title="bbox 91 4810 1003 4911">
    <p class='ocr_par' dir='ltr' id='par_1_15' title="bbox 91 4810 1003 4911">
     <span class='ocr_line' id='line_1_63' title="bbox 91 4810 1003 4911; baseline 0.013 -33"><span class='ocrx_word' id='word_1_435' title='bbox 91 4827 95 4834; x_wconf 87' lang='lat'>&#39;</span> <span class='ocrx_word' id='word_1_436' title='bbox 243 4830 311 4886; x_wconf 86' lang='lat' dir='ltr'><em>aras</em></span> <span class='ocrx_word' id='word_1_437' title='bbox 331 4810 364 4879; x_wconf 90' lang='lat' dir='ltr'><em>in</em></span> <span class='ocrx_word' id='word_1_438' title='bbox 391 4810 527 4892; x_wconf 79' lang='lat' dir='ltr'><em>mensis:</em></span> <span class='ocrx_word' id='word_1_439' title='bbox 562 4839 645 4882; x_wconf 88' lang='lat' dir='ltr'><em>unus</em></span> <span class='ocrx_word' id='word_1_440' title='bbox 669 4820 724 4886; x_wconf 85' lang='lat' dir='ltr'><em>vel</em></span> <span class='ocrx_word' id='word_1_441' title='bbox 749 4822 811 4888; x_wconf 90' lang='lat' dir='ltr'><em>duo</em></span> <span class='ocrx_word' id='word_1_442' title='bbox 832 4819 943 4911; x_wconf 79' lang='lat' dir='ltr'><em>[eppbi</em></span> <span class='ocrx_word' id='word_1_443' title='bbox 971 4821 1003 4891; x_wconf 94' lang='lat' dir='ltr'><em>in</em></span> 
     </span>
    </p>
   </div>
   <div class='ocr_carea' id='block_1_16' title="bbox 238 4912 1005 5118">
    <p class='ocr_par' dir='ltr' id='par_1_16' title="bbox 238 4912 1005 5118">
     <span class='ocr_line' id='line_1_64' title="bbox 238 4912 1005 5010; baseline 0.005 -22"><span class='ocrx_word' id='word_1_444' title='bbox 238 4914 371 5010; x_wconf 74' lang='lat' dir='ltr'><em>{amilio</em></span> <span class='ocrx_word' id='word_1_445' title='bbox 396 4931 510 4983; x_wconf 79' lang='lat' dir='ltr'><em>erant.</em></span> <span class='ocrx_word' id='word_1_446' title='bbox 552 4912 652 4983; x_wconf 73' lang='lat' dir='ltr'><em>Noble</em></span> <span class='ocrx_word' id='word_1_447' title='bbox 685 4937 846 4989; x_wconf 72' lang='lat' dir='ltr'><em>coenantes</em></span> <span class='ocrx_word' id='word_1_448' title='bbox 870 4921 1005 4991; x_wconf 83' lang='lat' dir='ltr'><em>lucernis</em></span> 
     </span>
     <span class='ocr_line' id='line_1_65' title="bbox 241 5013 1004 5118; baseline 0.007 -25"><span class='ocrx_word' id='word_1_449' title='bbox 241 5022 298 5092; x_wconf 81' lang='lat' dir='ltr'><em>vel</em></span> <span class='ocrx_word' id='word_1_450' title='bbox 317 5017 442 5112; x_wconf 79' lang='lat' dir='ltr'><em>facibus</em></span> <span class='ocrx_word' id='word_1_451' title='bbox 470 5013 702 5094; x_wconf 80' lang='lat' dir='ltr'><em>illuminabant</em></span> <span class='ocrx_word' id='word_1_452' title='bbox 726 5019 847 5114; x_wconf 85' lang='lat' dir='ltr'><em>mensas</em></span> <span class='ocrx_word' id='word_1_453' title='bbox 858 5072 869 5108; x_wconf 89' lang='lat'>‚</span> <span class='ocrx_word' id='word_1_454' title='bbox 902 5023 1004 5118; x_wconf 67' lang='lat' dir='ltr'><em>lacem</em></span> 
     </span>
    </p>
   </div>
   <div class='ocr_carea' id='block_1_17' title="bbox 1121 4207 1882 4414">
    <p class='ocr_par' dir='ltr' id='par_1_17' title="bbox 1121 4207 1882 4414">
     <span class='ocr_line' id='line_1_66' title="bbox 1121 4207 1881 4298; baseline -0.004 -11"><span class='ocrx_word' id='word_1_455' title='bbox 1121 4214 1295 4298; x_wconf 86' lang='lat' dir='ltr'><em>immunes</em></span> <span class='ocrx_word' id='word_1_456' title='bbox 1337 4215 1381 4288; x_wconf 87' lang='lat' dir='ltr'><em>ab</em></span> <span class='ocrx_word' id='word_1_457' title='bbox 1419 4239 1464 4288; x_wconf 83' lang='lat' dir='ltr'><em>eo</em></span> <span class='ocrx_word' id='word_1_458' title='bbox 1507 4212 1702 4285; x_wconf 85' lang='lat' dir='ltr'><em>Saeculares</em></span> <span class='ocrx_word' id='word_1_459' title='bbox 1743 4207 1881 4284; x_wconf 79' lang='lat' dir='ltr'><em>credere</em></span> 
     </span>
     <span class='ocr_line' id='line_1_67' title="bbox 1121 4307 1882 4414; baseline -0.005 -27"><span class='ocrx_word' id='word_1_460' title='bbox 1121 4312 1307 4414; x_wconf 84' lang='lat' dir='ltr'><em>poffimus?</em></span> <span class='ocrx_word' id='word_1_461' title='bbox 1355 4314 1454 4390; x_wconf 82' lang='lat' dir='ltr'><em>Audi</em></span> <span class='ocrx_word' id='word_1_462' title='bbox 1501 4315 1641 4388; x_wconf 87' lang='lat' dir='ltr'><em>Petrum</em></span> <span class='ocrx_word' id='word_1_463' title='bbox 1685 4307 1882 4404; x_wconf 86' lang='lat' dir='ltr'><em>Damiani,</em></span> 
     </span>
    </p>
   </div>
   <div class='ocr_carea' id='block_1_18' title="bbox 1112 4407 1878 4515">
    <p class='ocr_par' dir='ltr' id='par_1_18' title="bbox 1112 4407 1878 4515">
     <span class='ocr_line' id='line_1_68' title="bbox 1112 4407 1878 4515; baseline -0.004 -25"><span class='ocrx_word' id='word_1_464' title='bbox 1112 4417 1180 4515; x_wconf 72' lang='lat' dir='ltr'><em>&#39;qui</em></span> <span class='ocrx_word' id='word_1_465' title='bbox 1209 4415 1351 4490; x_wconf 85' lang='lat' dir='ltr'><em>circiter</em></span> <span class='ocrx_word' id='word_1_466' title='bbox 1378 4423 1524 4492; x_wconf 88' lang='lat' dir='ltr'><em>Annum</em></span> <span class='ocrx_word' id='word_1_467' title='bbox 1559 4417 1718 4490; x_wconf 76' lang='lat' dir='ltr'><em>Muxx.</em></span> <span class='ocrx_word' id='word_1_468' title='bbox 1750 4407 1878 4508; x_wconf 74' lang='lat' dir='ltr'><em>Opust.</em></span> 
     </span>
    </p>
   </div>
   <div class='ocr_carea' id='block_1_19' title="bbox 1119 4513 1879 4614">
    <p class='ocr_par' dir='ltr' id='par_1_19' title="bbox 1119 4513 1879 4614">
     <span class='ocr_line' id='line_1_69' title="bbox 1119 4513 1879 4614; baseline -0.005 -23"><span class='ocrx_word' id='word_1_469' title='bbox 1119 4542 1178 4614; x_wconf 86' lang='lat'><em>31.</em></span> <span class='ocrx_word' id='word_1_470' title='bbox 1216 4521 1303 4612; x_wconf 80' lang='lat' dir='ltr'><em>cap.</em></span> <span class='ocrx_word' id='word_1_471' title='bbox 1337 4521 1372 4596; x_wconf 86' lang='lat' dir='ltr'><em>b.</em></span> <span class='ocrx_word' id='word_1_472' title='bbox 1410 4519 1494 4593; x_wconf 84' lang='lat' dir='ltr'><em>baec</em></span> <span class='ocrx_word' id='word_1_473' title='bbox 1529 4518 1573 4592; x_wconf 90' lang='lat' dir='ltr'><em>de</em></span> <span class='ocrx_word' id='word_1_474' title='bbox 1606 4513 1879 4605; x_wconf 83' lang='lat' dir='ltr'><em>Cardinalibus,</em></span> 
     </span>
    </p>
   </div>
   <div class='ocr_carea' id='block_1_20' title="bbox 1116 4613 1882 5014">
    <p class='ocr_par' dir='ltr' id='par_1_20' title="bbox 1116 4613 1882 5014">
     <span class='ocr_line' id='line_1_70' title="bbox 1118 4613 1882 4720; baseline -0.003 -28"><span class='ocrx_word' id='word_1_475' title='bbox 1118 4616 1156 4692; x_wconf 76' lang='grc' dir='ltr'>ἃ</span> <span class='ocrx_word' id='word_1_476' title='bbox 1195 4619 1378 4720; x_wconf 81' lang='lat' dir='ltr'><em>Episcopis</em></span> <span class='ocrx_word' id='word_1_477' title='bbox 1429 4619 1566 4695; x_wconf 85' lang='lat' dir='ltr'><em>Italicis</em></span> <span class='ocrx_word' id='word_1_478' title='bbox 1612 4615 1666 4692; x_wconf 86' lang='lat' dir='ltr'><em>sui</em></span> <span class='ocrx_word' id='word_1_479' title='bbox 1709 4613 1882 4713; x_wconf 82' lang='lat' dir='ltr'><em>temporit</em></span> 
     </span>
     <span class='ocr_line' id='line_1_71' title="bbox 1118 4717 1880 4817; baseline -0.004 -24"><span class='ocrx_word' id='word_1_480' title='bbox 1118 4718 1313 4796; x_wconf 79' lang='lat' dir='ltr'><em>scribebat:</em></span> <span class='ocrx_word' id='word_1_481' title='bbox 1358 4723 1473 4796; x_wconf 82' lang='lat' dir='ltr'><em>Disari</em></span> <span class='ocrx_word' id='word_1_482' title='bbox 1506 4719 1659 4817; x_wconf 83' lang='lat' dir='ltr'><em>cupiunt,</em></span> <span class='ocrx_word' id='word_1_483' title='bbox 1683 4739 1720 4795; x_wconf 84' lang='lat' dir='ltr'><em>us</em></span> <span class='ocrx_word' id='word_1_484' title='bbox 1744 4717 1880 4790; x_wconf 77' lang='lat' dir='ltr'><em>turritos</em></span> 
     </span>
     <span class='ocr_line' id='line_1_72' title="bbox 1116 4821 1880 4917; baseline -0.005 -24"><span class='ocrx_word' id='word_1_485' title='bbox 1116 4824 1251 4916; x_wconf 86' lang='lat' dir='ltr'><em>dapibus</em></span> <span class='ocrx_word' id='word_1_486' title='bbox 1285 4825 1388 4896; x_wconf 88' lang='lat' dir='ltr'><em>lances</em></span> <span class='ocrx_word' id='word_1_487' title='bbox 1431 4826 1542 4896; x_wconf 86' lang='lat' dir='ltr'><em>ludica</em></span> <span class='ocrx_word' id='word_1_488' title='bbox 1583 4822 1748 4917; x_wconf 81' lang='lat' dir='ltr'><em>pigmenta</em></span> <span class='ocrx_word' id='word_1_489' title='bbox 1791 4821 1880 4890; x_wconf 69' lang='lat' dir='ltr'><em>sedo</em></span> 
     </span>
     <span class='ocr_line' id='line_1_73' title="bbox 1116 4921 1876 5014; baseline -0.003 -22"><span class='ocrx_word' id='word_1_490' title='bbox 1116 4926 1233 5011; x_wconf 83' lang='lat' dir='ltr'><em>leont‚·</em></span> <span class='ocrx_word' id='word_1_491' title='bbox 1257 4947 1293 4995; x_wconf 84' lang='lat' dir='ltr'><em>us</em></span> <span class='ocrx_word' id='word_1_492' title='bbox 1320 4927 1353 4996; x_wconf 92' lang='lat' dir='ltr'><em>in</em></span> <span class='ocrx_word' id='word_1_493' title='bbox 1379 4925 1594 5012; x_wconf 72' lang='lat' dir='ltr'><em>cbrullallinis</em></span> <span class='ocrx_word' id='word_1_494' title='bbox 1618 4923 1758 5014; x_wconf 80' lang='lat' dir='ltr'><em>vasculis</em></span> <span class='ocrx_word' id='word_1_495' title='bbox 1779 4921 1876 4994; x_wconf 81' lang='lat' dir='ltr'><em>adul-</em></span> 
     </span>
    </p>
   </div>
   <div class='ocr_carea' id='block_1_21' title="bbox 1116 5025 1876 5203">
    <p class='ocr_par' dir='ltr' id='par_1_21' title="bbox 1116 5025 1876 5203">
     <span class='ocr_line' id='line_1_74' title="bbox 1116 5025 1876 5203; baseline 0.007 -108"><span class='ocrx_word' id='word_1_496' title='bbox 1116 5044 1219 5101; x_wconf 79' lang='lat' dir='ltr'><em>terata</em></span> <span class='ocrx_word' id='word_1_497' title='bbox 1252 5030 1341 5100; x_wconf 85' lang='lat' dir='ltr'><em>mille</em></span> <span class='ocrx_word' id='word_1_498' title='bbox 1372 5027 1456 5102; x_wconf 83' lang='lat' dir='ltr'><em>vina</em></span> <span class='ocrx_word' id='word_1_499' title='bbox 1481 5025 1698 5123; x_wconf 54' lang='lat' dir='ltr'><em>mltum</em></span> <span class='ocrx_word' id='word_1_500' title='bbox 1730 5043 1876 5203; x_wconf 53' lang='lat' dir='ltr'><em>susse</em></span> 
     </span>
    </p>
   </div>
   <div class='ocr_carea' id='block_1_22' title="bbox 0 0 2112 6009">
    <p class='ocr_par' dir='ltr' id='par_1_22' title="bbox 0 0 2112 6009">
     <span class='ocr_line' id='line_1_75' title="bbox 0 0 2112 6009; baseline 0 0"><span class='ocrx_word' id='word_1_501' title='bbox 0 0 2112 6009; x_wconf 95' lang='lat' dir='ltr'><em> </em></span> 
     </span>
    </p>
   </div>
  </div>
 </body>
</html>
