4216 6014
163 283 180 462 ‚x
308 385 399 474 *τι
573 378 965 474 Dissertatio
993 372 1541 500 VmasrnAottAnrns
1747 394 1832 508 '722

249 495 278 573 li
323 522 422 574 mum
448 494 678 601 antiquitatis
714 501 950 604 fragmentum
979 506 1017 581 in
1050 511 1087 581 A
1126 496 1190 594 qui
1217 496 1276 573 sua
1302 501 1524 578 efformatint
1550 500 1593 577 ad
1620 514 1779 582 veterum
1809 534 1892 583 nor-

248 601 537 722 Topograpbicis
557 601 596 682 ὅ(
615 606 872 709 Geographicis
892 608 938 683 iis
957 609 1018 685 de·

212 723 217 730 ’
250 703 526 806 scriptionibus.
555 708 596 782 ln
624 708 686 784 usu
707 736 849 809 quoque
875 708 946 787 suit
965 711 1017 787 ei·

248 804 346 882 sdem
387 809 606 908 temporibus
643 817 714 887 Ars
750 811 902 890 ducendi
940 813 1016 889 auri

246 905 288 985 in
316 907 400 1002 sila,
425 930 469 987 ut
489 915 568 986 vela
594 941 680 990 auro
706 933 806 989 texta
832 914 917 992 satis
935 944 1016 1017 pro·

246 1008 362 1104 dunt,
389 1013 433 1089 de
459 1014 588 1113 quibus
614 1016 653 1089 in
682 1015 905 1117 subsequenti
933 1018 1015 1092 Dis-

248 1110 441 1191 sertatione
478 1121 593 1190 XXV.
629 1115 743 1193 sermo
777 1119 867 1193 erit.
902 1118 1014 1218 Equi-

247 1214 329 1289 dem
368 1217 484 1307 nori,
524 1217 610 1317 quid
647 1217 726 1292 heic
760 1217 795 1292 se
829 1219 1016 1296 interserat

246 1316 516 1393 dubitationis:
559 1344 687 1411 nempe
727 1318 819 1392 mira
858 1321 944 1397 baec
978 1327 1011 1396 ἃ

1127 625 1242 674 mam.
1270 605 1312 674 In
1338 604 1486 700 reliquis
1513 603 1624 682 serme
1652 609 1808 687 Urbibus
1828 631 1891 684 ne·-

1126 728 1195 801 que
1221 701 1308 778 adeo
1334 703 1505 800 illustria,
1532 734 1645 830 neque
1669 726 1743 784 tarn
1771 713 1891 787 crebra

1126 822 1226 879 erant
1261 804 1494 905 perseslarum
1519 814 1668 888 Artium
1704 814 1889 890 rudera&

1124 908 1365 1010 exemplaria;
1394 936 1435 984 ac
1460 933 1642 1012 propterea
1660 913 1714 989 nil
1735 919 1890 1011 mirum,

1127 1007 1151 1081 sl
1178 1011 1217 1082 in
1244 1037 1363 1084 earum
1390 1012 1605 1091 Artificibus
1631 1015 1819 1094 desiderata
1845 1021 1892 1095 esi

1126 1112 1332 1212 plerumque
1355 1140 1458 1189 verae
1483 1119 1736 1217 pulcritudinis
1756 1149 1795 1196 ac
1816 1149 1892 1197 ma·

1124 1212 1254 1313 jestatis
1280 1216 1380 1291 idea.
1418 1219 1512 1292 Illud
1554 1247 1696 1320 quoque
1730 1224 1890 1299 animad-

1124 1315 1366 1410 vertendum,
1405 1317 1506 1393 suisse
1545 1323 1709 1419 quasdam
1753 1328 1889 1418 Artes,
2002 1382 2007 1392 ·

243 1419 487 1520 pulcherrima
515 1417 589 1493 aisa
622 1418 722 1497 tuine
748 1423 865 1497 oculis
890 1450 1012 1498 eorum
1055 1438 1083 1508 Β
1123 1439 1213 1511 quat
1239 1418 1420 1514 postquam
1448 1446 1529 1495 cum
1557 1425 1690 1500 honore
1715 1424 1889 1523 usquead
1920 1450 1923 1455 ’

245 1535 449 1616 temporum
466 1570 478 1605 ,
496 1519 637 1619 quibus
664 1526 722 1596 vel
749 1521 893 1600 distorta
919 1525 1012 1601 rebla

245 1625 486 1725 apparebant.
515 1627 642 1723 Neque
669 1624 700 1700 is
726 1652 793 1726 ego
821 1627 923 1721 sum,
950 1632 1012 1728 qui

240 1726 460 1812 „contendere
488 1726 628 1809 aelim,
664 1726 833 1805 accessisse
860 1732 903 1804 ad
940 1736 1012 1806 Ro-

239 1851 372 1901 manae
405 1829 441 1899 δι
479 1831 634 1900 Graecae
666 1830 866 1926 elegantiae
902 1859 1011 1906 venu-

244 1926 369 2002 statem
395 1924 549 2003 artificia
576 1930 803 2004 sacculorum
841 1932 1008 2007 rudium:

239 2030 378 2130 quippe
413 2056 502 2129 quae
531 2032 658 2104 Artem
688 2030 783 2106 resse
808 2033 1009 2110 delineandi

272 2134 368 2207 arlrm
398 2151 461 2207 aut
485 2130 579 2205 nihil
607 2134 798 2211 excoluisse
820 2137 1009 2240 videntur3

238 2157 478 2335 &quamtis
512 2236 732 2311 ornamentis
768 2239 1011 2331 abundarent,

1123 1518 1287 1590 Seculum
1328 1515 1461 1593 Chrisli
1504 1526 1547 1594 X.
1588 1526 1889 1623 perseverassent,

1123 1620 1251 1692 exinde
1277 1615 1447 1713 deficere,
1476 1617 1516 1695 ἃ
1542 1622 1581 1695 in
1608 1627 1761 1703 deterius
1789 1657 1888 1706 ruere

1122 1741 1335 1815 coeperunt,
1370 1720 1440 1796 sire
1474 1723 1570 1822 quod
1608 1728 1745 1804 barbari
1771 1756 1889 1807 morea

1121 1821 1294 1898 initalia
1323 1824 1471 1899 ulterius
1508 1828 1615 1925 quim
1643 1840 1746 1906 antea
1782 1831 1887 1907 inva-

1121 1924 1281 2018 luerint,
1322 1923 1393 2002 stre
1429 1929 1524 2027 quod
1564 1930 1739 2008 intestinis
1781 1934 1886 2009 bellis
1955 1998 1973 2026 „

1121 2023 1160 2100 ἃ
1201 2026 1416 2103 sessionibus
1457 2033 1617 2107 conculsa
1652 2032 1692 2110 ἂ
1732 2038 1886 2111 lacerata

1120 2126 1254 2202 nobilis
1298 2132 1384 2205 haec
1428 2133 1656 2221 Provincia,
1681 2139 1885 2212 barbaram

1119 2255 1262 2328 quoque
1287 2259 1328 2307 ac
1355 2231 1557 2311 horrentem
1593 2235 1720 2314 faciem
1759 2240 1886 2314 indue-

241 2361 285 2412 ea
322 2355 441 2411 tamen
478 2356 541 2411 aut
577 2337 772 2414 minutiora
807 2331 918 2441 qusm'
952 2370 1012 2438 par
1046 2343 1080 2419 c
1119 2331 1169 2405 rit
1195 2332 1234 2405 in
1260 2332 1413 2409 Artibus
1439 2337 1530 2412 suis.
1559 2343 1678 2415 Nemo
1705 2358 1800 2418 certe
1823 2367 1888 2416 nes

241 2437 329 2514 esset
356 2438 394 2512 io
422 2437 622 2541 magnificis
658 2442 823 2542 operibus
856 2444 1011 2519 colloca-

237 2538 358 2625 bant,
395 2560 457 2615 aut
491 2541 561 2616 fine
587 2542 712 2617 ordine
738 2571 779 2618 ac
808 2546 1010 2644 proportio-

240 2663 289 2716 ne
307 2635 552 2719 effundebant.
582 2648 713 2719 Veriim
735 2673 780 2721 ne
798 2666 838 2721 tu
866 2649 1008 2747 quidem

239 2745 457 2821 contendere
492 2767 616 2822 eontra
654 2747 787 2845 poffis,
831 2751 884 2820 uil
922 2750 1016 2822 resli

235 2845 277 2918 nr
307 2846 435 2918 eximii
455 2852 636 2922 'excidere
671 2849 822 2942 potuisse
847 2875 868 2918 e
897 2852 1008 2918 mani·

233 2944 307 3020 bus
334 2971 374 3019 ac
400 2946 549 3043 ingenio
578 2949 812 3026 italicorum,
839 2944 1008 3019 aliorum·

234 3070 311 3147 que
352 3046 559 3119 mortalium
599 3044 771 3142 temporis
806 3047 934 3138 illius,
970 3074 1010 3122 ac

239 3147 446 3251 praesertim
485 3151 652 3221 Romae?
686 3145 825 3222 Urbem
865 3149 956 3223 hanc
992 3177 1011 3223 a

1119 2452 1200 2533 get,
1228 2436 1316 2533 quin
1345 2437 1418 2535 post
1444 2444 1591 2514 Annum
1623 2445 1789 2546 vulgaris
1810 2447 1884 2518 Ao·

1119 2562 1177 2610 rae
1210 2535 1472 2624 Millelimum,
1513 2569 1689 2620 marmora
1724 2547 1884 2644 sculpta,

1117 2641 1151 2710 δι
1181 2645 1319 2715 nummi
1345 2642 1517 2738 pereuni,
1543 2647 1684 2742 aliaque
1709 2648 1747 2722 id
1775 2673 1884 2749 genus

1117 2862 1265 3025 indiis,
1300 2933 1341 3010 ἃ
1368 2907 1600 3016 rusticitatem
1627 2946 1815 3043 quamdam
1841 2977 1885 3026 u·

1120 3037 1226 3136 bique
1253 3039 1398 3135 prodere
1423 3044 1628 3140 coeperint.

1170 3136 1229 3212 nd
1258 3141 1402 3215 texendi
1436 3148 1586 3235 Artem,
1614 3165 1720 3246 atque
1744 3152 1786 3227 ad
1812 3158 1886 3230 La·

237 3255 393 3338 ceteris,
429 3269 491 3324 aut
526 3276 546 3322 a
582 3248 758 3345 plerisque
795 3248 1010 3350 ‚distinguere
1048 3256 1079 3324 D
1116 3238 1309 3332 officium,
1344 3237 1385 3317 &
1420 3244 1462 3319 od
1490 3246 1601 3323 Setici
1642 3277 1746 3353 opera
1787 3258 1883 3352 quod

235 3352 333 3427 anibi
360 3349 490 3423 liceat.
524 3348 869 3443 Quum'.illie.ante
901 3356 1007 3427 Secu·

234 3451 315 3530 lora
363 3454 430 3524 xl·
471 3449 694 3526 Christianae
738 3451 879 3539 salutis,
904 3454 1009 3554 longe

236 3548 361 3656 ¹plura,
388 3556 495 3652 quim
523 3580 641 3645 nunc,
670 3552 907 3654 superfuerint
931 3581 1008 3628 mo-

235 3675 411 3737 numenta
450 3655 603 3756 pretiosa
622 3716 627 3727 .
646 3653 757 3731 serae·
779 3656 1008 3757 antiquitatis

233 3752 279 3839 in
304 3758 501 3860 Templis,
521 3757 567 3834 in
594 3759 784 3851 domibus,
820 3760 860 3834 in
888 3779 1009 3833 tumu-

235 3857 311 3948 lis,
337 3859 377 3933 iu
405 3858 513 3951 ralis,
534 3858 593 3935 in
607 3860 768 3955 satuit,
804 3861 843 3935 in
871 3864 1009 3938 colum·

233 3957 320 4038 nis,
354 3959 397 4032 in
432 3960 652 4057 anagliptis,
688 3963 729 4037 in
766 3961 942 4060 pisturis,
970 3962 1007 4035 in

1116 3341 1276 3428 attinet,
1311 3341 1382 3417 erit
1408 3345 1451 3420 de
1477 3346 1524 3423 iis
1552 3349 1665 3427 sermo
1691 3354 1730 3428 in
1768 3356 1852 3431 subs
1868 3402 1885 3416 -

1117 3443 1242 3541 quenti
1258 3448 1373 3521 XXV.
1387 3448 1660 3529 Differtatione.
1676 3454 1771 3531 Mihi
1788 3484 1883 3534 nune
1970 3474 1975 3483 '

1117 3544 1269 3621 minime
1296 3552 1585 3645 praetereundum
1608 3555 1683 3647 eli,
1718 3557 1819 3634 fuisse
1846 3587 1884 3634 e·

1117 3646 1208 3725 tiam
1233 3648 1368 3725 &culis
1394 3653 1566 3748 rudibus,
1603 3656 1667 3756 qui
1694 3659 1799 3736 noris
1827 3660 1886 3737 in-

1115 3746 1235 3825 ventis
1277 3750 1457 3847 publicam
1496 3781 1569 3829 rem
1613 3784 1767 3834 auxere.
1805 3766 1885 3863 Ego

1118 3875 1227 3950 pauca
1259 3847 1450 3940 delibabo,
1486 3854 1626 3950 opinari
1661 3876 1783 3936 tamen
1809 3890 1884 3941 non

1116 3948 1293 4040 desinens,
1330 3953 1429 4047 plura
1465 3952 1707 4053 intercidisse,
1735 3985 1797 4039 aut
1818 3994 1885 4043 eo·

233 4055 406 4146 musivis,
444 4057 483 4132 in
508 4059 646 4140 vitris,
678 4060 727 4133 in.
746 4066 1007 4154 marmoribus,
1117 4077 1195 4129 rum
1219 4051 1433 4133 memoriam
1461 4054 1613 4132 minime
1637 4063 1681 4136 ad
1713 4090 1777 4140 nos
1799 4094 1884 4165 per·

206 4154 345 4260 ,aitque
368 4158 410 4233 in
428 4157 522 4232 aliis
545 4159 720 4258 ejusmodi
747 4163 937 4260 operibus,
968 4188 1006 4237 e·
1044 4157 1074 4227 Ε
1117 4151 1249 4226 venisse
1273 4153 1322 4229 ob
1351 4154 1569 4257 Scriptorum
1601 4158 1780 4260 inopiam.
1812 4173 1882 4242 Re-

226 4260 480 4364 'loqantiffimo
496 4259 590 4334 olim
604 4259 766 4336 artificio
790 4264 1003 4340 elaboratise

231 4360 557 4473 propterersa'rile
589 4362 700 4438 otiam
732 4365 929 4457 acciderit,
964 4384 1005 4441 ut

317 4463 618 4562 udeclinatiooern
646 4468 802 4542 Romani
827 4466 1004 4567 Imperii,

147 4592 164 4604 ‘
297 4590 335 4641 er
360 4572 418 4641 toi
450 4569 613 4668 extimplo
648 4563 784 4640 summe
819 4593 1001 4642 commen·

236 4662 591 4777 desidiosissimos·
605 4666 788 4751 interdum
805 4668 976 4751 Artifices
985 4725 1000 4768 ,

1117 4251 1227 4328 seram
1253 4252 1293 4330 in
1321 4256 1573 4332 Dissertatione
1601 4264 1735 4338 XLlls.
1753 4277 1793 4337 dr
1822 4271 1884 4342 ai·

1116 4377 1212 4434 torar.
1239 4355 1331 4441 slata
1364 4357 1599 4456 Epitaphium
1639 4364 1782 4439 Pacifici
1812 4371 1884 4444 Ar·-

1118 4454 1318 4533 cltidiaconi
1347 4460 1611 4554 ‚Veronenfin
1659 4465 1721 4565 qui
1771 4471 1882 4548 Anno

1122 4559 1396 4636 Dcoexuvt.
1423 4560 1543 4639 vivere
1569 4563 1694 4644 desiit.
1720 4568 1821 4651 luter
1843 4601 1884 4651 a·

1119 4663 1173 4763 lia
1197 4661 1273 4764 ejus
1296 4659 1427 4741 metita
1450 4665 1610 4768 legitur:
2019 4683 2020 4687 ’
