4216 6014
296 322 374 379 ω
561 222 1596 411 ··Anrrffltrr.nsnrtnurr·
1719 303 1805 385 m·
1937 381 1940 385 ,

228 403 406 500 dedissent.
432 416 541 504 Quum
565 411 688 502 causant
713 412 886 507 diligenter
919 412 994 483 Ru·
1025 411 1062 483 A
1103 431 1176 481 no:
1208 408 1376 498 Noscendis
1401 412 1505 493 scires,
1539 434 1620 508 quae
1634 436 1662 482 e
1687 409 1867 508 Republirl

232 507 352 583 sbaldo
387 509 473 585 sacri
519 512 648 586 Palatii
687 513 887 595 Capeliano
927 537 992 582 no-

231 609 321 696 stro,
362 639 423 698 nec
453 639 515 685 non
554 615 599 684 tr
638 610 808 686 Maurino
848 608 990 685 Comiti

232 711 364 787 Palatii
392 712 520 794 nostri,
554 714 612 806 seu
646 713 693 794 όν
723 710 990 831 Αάαἱςὶῐόσῦο-

229 812 314 888 miti
341 815 498 907 inquirere
521 818 732 912 precepimus,
761 814 873 912 fiper
896 815 990 904 pussi-
1036 848 1039 852 ·

227 916 309 989 tium
336 915 408 1010 ipsu
437 914 619 990 Parairrda
643 919 700 989 uel
726 918 794 1013 ipsa
818 920 928 991 Carra
946 915 989 988 ad

229 1015 381 1091 noslrum
433 1014 621 1093 servicium
662 1021 876 1117 peragendum
908 1019 990 1087 dare

224 1113 418 1211 debuiffcnt,
458 1146 502 1192 un
541 1146 621 1193 non.
659 1129 722 1193 Set
755 1120 991 1217 diligentiffimc

226 1221 282 1291 hoc
318 1220 531 1313 perquirentes
570 1221 659 1317 neiis
696 1222 990 1299 renuntiaverunt,

1098 512 1315 605 gerebantur,
1350 516 1480 585 admota
1511 513 1617 584 medic
1648 512 1766 608 publici
1791 536 1867 586 cur·
1922 560 1927 569 ·

1097 611 1172 702 sus.
1209 611 1379 709 Reliquos
1415 613 1513 701 testes
1540 611 1702 695 omitto,
1738 613 1792 689 uti
1826 614 1866 687 dt

1102 715 1215 812 Leges
1241 717 1388 788 Codicis
1424 713 1659 789 Theodosiani
1687 712 1726 789 a'c
1761 713 1865 805 Juni-

1102 813 1243 905 nianei,
1270 816 1332 889 ubi
1358 814 1529 913 ejusmodi
1556 815 1737 916 Angitiae
1763 842 1863 890 men·

1101 912 1156 989 tio
1183 941 1254 988 non
1290 917 1397 990 semel
1422 917 1602 995 occurrit.
1641 922 1760 1016 Equos
1785 919 1863 1017 rju-

1101 1012 1213 1088 smodi
1241 1044 1280 1091 ac
1314 1019 1476 1092 vehicula
1517 1019 1755 1094 Provincial'es
1790 1018 1863 1093 irre

1100 1115 1234 1214 semper
1253 1118 1416 1216 praesiar'c
1436 1121 1571 1196 coasii.
1600 1125 1778 1195 Interdum
1801 1146 1866 1211 re-

1100 1225 1140 1290 τὸ
1175 1218 1211 1288 id
1249 1244 1339 1290 onus
1374 1241 1393 1290 a
1431 1219 1551 1313 probis
1587 1215 1862 1315 Impe'ratorib‘us
1961 1260 1966 1275 ·

225 1319 309 1417 qood
352 1340 458 1391 contra
495 1320 656 1415 iullr’cr‘ant
689 1324 792 1411 supra.
822 1341 990 1391 memorata
1023 1312 1052 1393 Β,
1099 1319 1298 1397 remissum,-
1324 1319 1358 1389 &
1378 1342 1397 1391 u
1418 1317 1521 1391 fisco
1542 1316 1756 1416 susceptum.
1783 1318 1863 1392 eost

223 1414 404 1507 Parusrerlu
436 1417 492 1488 uel
524 1420 630 1489 cudent
656 1428 760 1488 carra
794 1414 855 1508 ips
879 1422 988 1489 Saen-

226 1523 313 1590 dotes
337 1512 516 1610 dedtffcnt.
551 1525 754 1614 Quapropter
779 1518 920 1591 erunibus
944 1515 989 1606 fi·

226 1614 352 1692 delibus
382 1617 504 1704 'noslric
541 1620 751 1710 precipimus,
796 1641 833 1689 ut
872 1620 989 1690 nullus

227 1720 391 1818 deinceps
426 1717 476 1793 eis
512 1719 555 1793 de
590 1718 669 1820 ipis
713 1715 905 1816 Parairedis
934 1717 989 1786 vel

125 1914 129 1919 p
226 1819 350 1897 Carris
377 1822 513 1895 nuliam
538 1820 828 1900 contrarietatem
863 1813 990 1889 inferre

226 1921 424 2021 presumit,
464 1948 529 1993 nec
565 1921 607 1993 ad
636 1917 787 1991 nostrum
825 1942 989 2016 peragen-

225 2023 311 2095 dum
337 2019 546 2106 servitium,
572 2044 638 2093 nec
656 2021 765 2095 etiam
785 2017 894 2095 alicui
915 2044 992 2116 per·

228 2121 310 2196 sone
326 2146 336 2194 c
353 2120 428 2211 ‘scd
467 2120 562 2192 liccat
593 2121 641 2193 eir
674 2123 800 2218 quidem
822 2119 991 2213 poffideri,

1099 1416 1374 1492 declinationem
1417 1419 1562 1514 Imperii
1602 1419 1757 1492 Rotnani
1791 1416 1862 1492 'tub

1102 1519 1344 1614 Langobardis
1369 1516 1408 1592 dc
1435 1519 1580 1593 'Francis
1606 1518 1699 1591 idem
1727 1517 1864 1594 Cursus

1102 1616 1332 1714 perduravit;
1360 1643 1400 1690 ac
1426 1618 1696 1693 dominantibus
1723 1621 1759 1690 in
1789 1620 1867 1693 lta·

1099 1714 1150 1786 lia
1185 1713 1317 1787 Gothis
1351 1717 1443 1790 nihil
1479 1719 1522 1790 de
1555 1716 1739 1813 ejusmodi·
1764 1744 1869 1796 more

1101 1813 1357 1912 immutatum.
1400 1820 1530 1888 Vcredot
1567 1820 1603 1891 dt
1646 1824 1868 1892 Parareredec

1100 1916 1143 1988 ad
1171 1916 1476 1999 hoc'desiinatos,
1512 1918 1685 1991 sumtibus
1716 1917 1865 2017 quidem

1069 2015 1407 2115 breuissimum,
1452 2018 1674 2116 Capitularia
1724 2023 1863 2121 Regum
1925 2112 1929 2118 Ι

1089 2123 1315 2192 'francorum
1357 2118 1528 2192 insinuare
1569 2120 1765 2193 videntur.
1806 2125 1864 2196 Ar

209 2222 276 2304 ⁴&
300 2244 357 2315 pro
382 2220 505 2309 nostra,
542 2223 586 2294 Θ
621 2224 734 2296 Uxoris
768 2221 816 2303 ἕν’
848 2221 992 2314 filiorum
1026 2225 1059 2298 C
1101 2219 1191 2292 olim
1220 2220 1369 2294 minime
1395 2220 1501 2294 licuit
1528 2219 1656 2318 (quod
1694 2246 1785 2294 nunc
1821 2221 1862 2296 in

227 2326 396 2415 nrslrorurn
437 2324 650 2396 incolumitate
690 2325 824 2397 Domini
861 2324 992 2395 clenen-

227 2430 308 2500 tiarn
342 2422 565 2498 delciiubilier
586 2452 751 2498 errorum.
791 2428 860 2496 Et.
878 2446 916 2495 ut
940 2425 994 2495 bec

119 2597 120 2600 ,
229 2529 333 2614 nollra
372 2526 544 2598 wdecim
576 2526 662 2596 omni
688 2526 722 2595 in
762 2535 896 2616 ternpore
929 2523 993 2613 fir·
1028 2616 1032 2622 Ι

229 2630 310 2701 trior
334 2628 528 2714 habebatur,
571 2628 615 2697 θ
638 2648 696 2722 per-
714 2626 831 2716 sutura
855 2643 993 2718 tempora

113 2750 116 2754 ·
228 2728 463 2799 inuiolabiliter
487 2725 703 2816 conservetur,
737 2729 777 2797 dc
813 2727 910 2799 anulo
935 2751 992 2795 nu·

220 2829 289 2915 Jlro
310 2827 417 2918 [ubter
436 2825 581 2921 sigillari
601 2825 774 2921 juffiruus.

281 2932 367 3006 Non
391 2927 480 3001 adest
507 2925 715 3019 subscriptio
743 2925 989 3027 imperatoris.

279 3027 502 3105 Dottemtrus
536 3030 755 3102 sibriacum
787 3053 883 3126 utque
920 3036 991 3103 No·

228 3132 333 3206 tutius
359 3133 405 3204 ud
428 3133 530 3203 vicent
555 3132 720 3204 Alcman·
733 3130 930 3227 recognovi.

277 3240 370 3308 Duru
403 3238 516 3335 Nunps
552 3234 695 3314 Martii,
731 3241 834 3306 Aeno
868 3231 992 3320 Christe

223 3337 364 3435 propitio
403 3334 533 3431 Imperii
568 3334 702 3405 Domini
738 3335 903 3406 Hlotburii
940 3335 991 3430 pii

227 3437 426 3530 Imperatoris
454 3438 560 3515 xrtt.
588 3433 767 3504 inditiione
794 3440 888 3505 xttt.

277 3533 403 3604 Asium
442 3531 592 3625 sexpilas
632 3533 764 3603 Palatio
802 3534 916 3628 regio,
956 3532 990 3605 in

226 3635 293 3708 Dei
319 3635 442 3703 nornine
461 3629 620 3721 feliciter}
645 3640 777 3707 Amen.
861 3624 865 3634 ⁵

280 3738 405 3831 Neque
454 3726 663 3806 infelicitati
700 3731 874 3809 duntaxat
899 3750 989 3809 tem-

226 3861 351 3936 porum
393 3833 538 3907 illorum
578 3833 803 3909 tribuendum
846 3836 914 3908 hoc
949 3863 990 3909 o-

69 3943 79 3957 '
226 3965 315 4010 nus.
351 3933 392 4009 In
430 3933 492 4010 usu
527 3934 597 4012 suit
637 3931 675 4012 ἃ
716 3935 778 4011 sub
820 3939 990 4012 Romanis

1102 2318 1163 2393 usu
1190 2319 1268 2418 esi)
1296 2321 1445 2413 privatis
1482 2321 1637 2420 personis
1670 2322 1863 2395 cubicularii
1911 2396 1915 2401 .

1100 2421 1497 2597 ‘isi'sissi‘iiinii
1511 2419 1611 2597 ‘aia
1625 2421 1863 2598 iiiiii

1100 2548 1162 2720 {io
1198 2549 1374 2720 Priic'ipis
1410 2626 1447 2698 id
1484 2628 1541 2697 i-lli
1579 2551 1862 2702 concedibatusi
1903 2592 1910 2608 .

1102 2727 1143 2795 ln
1170 2750 1246 2797 earn
1273 2750 1344 2797 rem
1374 2725 1419 2798 esi
1445 2729 1522 2801 Lex
1541 2728 1706 2801 ·Honorii
1735 2735 1862 2827 Augu·

1100 2821 1140 2897 ti
1162 2824 1342 2924 jubentis:
1372 2833 1424 2897 Ne
1448 2829 1518 2923 quis
1546 2831 1591 2899 ili
1616 2831 1758 2925 deinceps
1776 2835 1863 2900 Cur-

1094 2934 1168 3017 Jur'n
1203 2925 1367 3022 publicum
1406 2929 1559 3023 privatus
1598 2931 1758 3025 usurpet,
1798 2926 1864 3015 'rifi

1100 3053 1195 3121 quern
1220 3048 1279 3100 aut
1302 3057 1324 3100 u
1350 3030 1439 3100 nobis
1464 3050 1633 3113 mumur,
1667 3051 1725 3104 uut
1749 3059 1771 3102 a
1795 3030 1862 3102 cle·

1026 3132 1063 3203 D
1101 3130 1236 3200 nuntiae
1262 3128 1381 3215 nostrae
1404 3133 1607 3204 veneratione
1629 3132 1782 3228 discedit.
1809 3134 1862 3203 Ε·

1099 3246 1179 3302 rattt
1205 3227 1409 3323 &adhoc
1445 3260 1533 3323 opus
1570 3249 1688 3333 parata
1713 3229 1862 3329 navigia

1101 3329 1116 3425 s
1128 3336 1322 3431 Detinuere,
1357 3335 1391 3406 bc
1429 3342 1542 3408 Neues
1568 3333 1717 3426 cursorius
1739 3334 1863 3430 appel·

1100 3433 1247 3519 labant,
1283 3461 1475 3531 eorumque
1511 3437 1648 3508 mentio
1689 3432 1734 3507 cst
1769 3433 1862 3532 apud

1101 3531 1284 3605 Sidonium
1314 3536 1397 3607 Lib.
1434 3535 1463 3608 I.
1501 3537 1654 3632 Epistola
1682 3538 1753 3634 V.)
1777 3535 1863 3632 qui·

1098 3632 1195 3723 bus,
1220 3631 1244 3705 st
1270 3661 1357 3731 opus
1384 3654 1485 3717 erat,
1520 3662 1582 3729 per
1609 3634 1763 3717 fluvios,
1798 3662 1862 3734 per
1894 3695 1900 3700 -

1098 3733 1227 3823 lacus,
1269 3761 1330 3833 per
1365 3735 1454 3811 finus
1490 3737 1751 3813 advehebantur
1783 3740 1862 3811 Ta·

1101 3833 1264 3915 bellerii,
1292 3837 1540 3936 Magistratus,
1576 3839 1687 3913 aliive
1713 3839 1751 3912 in
1779 3837 1864 3911 offi-

1102 3937 1159 4008 cio
1205 3935 1380 4035 Principis
1421 3943 1558 4036 positi:
1607 3966 1708 4039 quern
1750 3940 1864 4014 ritum

215 4033 531 4127 imperatoribus,
567 4056 672 4134 atque
709 4044 752 4112 ab
778 4038 883 4136 ipius
911 4044 989 4115 Au·
1013 4037 1077 4107 ἶΕ·
1099 4038 1293 4111 barbaricis
1330 4066 1470 4136 quoque
1496 4045 1716 4138 temporibus
1740 4039 1808 4113 obs
1844 4084 1863 4099 -

225 4139 313 4240 gusti
357 4156 549 4236 tempore,
587 4139 705 4227 Cursus
743 4144 987 4232 vehicularius,

225 4266 330 4341 quem
366 4240 524 4333 Fiscelcrn
557 4243 589 4314 bt
627 4239 794 4312 Publicum
827 4242 891 4315 alii
927 4270 987 4338 ap·

224 4348 386 4443 pellant.
423 4341 541 4417 Nobis
577 4366 671 4416 nunc
705 4342 742 4412 la
768 4341 862 4429 Pesla
896 4343 988 4416 dici-

225 4463 307 4518 tur.
344 4441 513 4545 Dispofiti
541 4466 670 4541 nempe
694 4460 796 4517 erant
818 4442 865 4516 ad
891 4464 986 4518 certa

225 4545 381 4639 paiiuutn
405 4547 526 4623 millia
549 4547 697 4647 equi&
725 4563 916 4642 carpento,
944 4566 987 4619 ut

225 4643 351 4718 literae
388 4674 409 4719 e
448 4648 647 4747 provinciis
686 4645 902 4745 quamcitius
942 4646 986 4719 ad

226 4743 429 4836 Principem
451 4748 695 4836 deicerentur,
728 4752 763 4821 ἃ
800 4747 987 4848 Magistra-

224 4870 283 4922 tus
309 4846 518 4946 diligentius
544 4849 614 4923 iter
636 4847 881 4923 absolverent.
909 4855 1010 4922 An··

224 4949 308 5027 celii
326 4949 494 5027 ¹ilibiouis
525 4947 609 5027 sunt
638 4946 751 5024 'rerba
786 4949 825 5025 iu
856 4953 1015 5051 Traia.

1067 4942 1199 5021 'surde
1235 4949 1436 5047 Populum.
1471 4953 1629 5029 Accedat
1654 4958 1696 5028 ad
1732 4950 1792 5023 ista
1819 4975 1861 5020 ο.

1102 4157 1252 4226 vatum,
1279 4140 1461 4216 necessitas
1488 4163 1548 4217 aut
1575 4144 1713 4217 utilitas
1744 4141 1865 4238 pubii-

1101 4237 1136 4313 ci
1172 4240 1356 4340 regiminis
1391 4243 1593 4339 persuadet.
1632 4245 1804 4341 Ulpianus
1833 4244 1865 4314 i·

1101 4342 1317 4433 »excusabilia
1337 4372 1435 4417 onera
1470 4344 1556 4418 baec
1584 4348 1737 4444 appellat
1762 4347 1787 4416 l.
1814 4343 1897 4436 fi·-

1068 4441 1339 4539 ,deicommiffum
1374 4447 1486 4518 fflde
1523 4444 1656 4536 judiciis
1679 4498 1693 4516 .
1730 4444 1784 4516 lta
1823 4448 1867 4520 in

1101 4543 1263 4618 formulis
1300 4546 1533 4644 Lindebrogii
1569 4549 1657 4642 Cap.
1689 4567 1745 4617 12.
1768 4546 1866 4647 ,Epi-

1068 4656 1071 4712 ἶ
1102 4642 1205 4743 scopo
1230 4649 1438 4721 conceditur
1464 4647 1671 4718 immunitas
1699 4671 1718 4718 a
1742 4651 1863 4718 Nava·
1958 4664 1962 4671 ·

1099 4746 1127 4815 li
1159 4749 1216 4815 uei
1250 4749 1381 4819 Cereali
1415 4747 1603 4816 corilione:
1639 4774 1727 4844 quae
1756 4752 1863 4824 verba

1100 4844 1286 4933 indicant,
1318 4865 1408 4918 tunc
1443 4873 1547 4922 onere
1584 4848 1648 4924 isso
1674 4872 1861 4952 grauatum

1722 5074 1807 5124 nera
