4216 6014
287 313 375 440 4⁸7
566 314 1539 438 Λατιρυιτ.αεαιιαανι
1733 329 1824 438 4⁸8

228 442 400 528 Ecclefiatn
425 439 543 515 Sanile
568 443 681 516 Mario
720 444 754 514 in
789 445 897 514 eadem
923 437 995 509 Vil·
1037 444 1072 515 A
1102 442 1241 530 strosum
1289 445 1454 515 mercede.
1500 436 1619 513 Eidem
1661 440 1889 534 spondemus,¹

228 542 290 625 la,
316 571 411 642 quam
439 553 538 618 Pater
562 571 667 633 meur,
710 547 755 614 θ
788 545 902 614 Mater
926 567 995 611 mea
1110 566 1205 641 atquc
1227 544 1444 635 promittimus
1471 569 1526 615 nos
1555 543 1612 640 qui
1645 541 1743 636 supro
1768 550 1885 618 Rorn-
1955 568 1959 573 ·

228 645 331 718 eidem
357 649 553 721 contulerunt
578 643 788 728 Monallerio.
824 647 864 713 bn
901 651 994 714 Ron-
1110 648 1226 720 baldus
1261 656 1370 718 Comes
1405 645 1452 726 &¹
1489 637 1684 740 Magrbilda
1718 644 1851 744 jugules
1865 695 1883 730 ,

227 747 326 821 tbade
351 754 518 847 Capellam
534 743 649 817 tantu
666 744 784 815 cecilie
801 770 870 829 cum
888 749 993 814 Man·
1110 773 1176 819 una
1201 774 1268 820 cum
1295 747 1405 835 nollris
1430 746 1597 818 heredibus
1617 746 1765 842 predil‘lo
1798 750 1883 818 Mo-

219 847 348 942 souno
372 852 513 924 laborato
536 868 592 942 per
618 844 754 917 l'italem
779 845 913 916 liberum
936 844 990 913 bo·
1109 847 1242 934 nolletis
1267 848 1315 927 (α’
1339 845 1475 921 Abbati
1514 848 1559 917 Θ
1591 848 1664 939 suis
1699 844 1882 944 succeffori·

227 953 361 1025 minem.
400 956 449 1021 Er
484 949 609 1045 insuper
643 948 769 1039 omnia,
803 973 863 1044 que
896 952 995 1019 Pater
1107 949 1185 1028 bur,
1222 969 1281 1020 aut
1306 949 1358 1018 cui
1379 968 1457 1039 patr
1491 945 1578 1019 aisti
1603 950 1796 1037 Monallcrii
1818 951 1883 1023 de-

227 1077 316 1123 mtus
341 1052 386 1120 Θ·
422 1053 533 1122 Mater
558 1078 626 1123 meo
662 1052 860 1124 contulerunt
893 1049 994 1119 eidem
1105 1047 1213 1128 derit,
1239 1050 1282 1122 ab
1306 1051 1392 1120 omni
1415 1050 1539 1119 bomine
1561 1048 1747 1141 defensare.
1773 1056 1822 1125 Et
1843 1049 1881 1138 li

227 1149 423 1236 Monallerio
446 1174 505 1249 pro
531 1152 663 1225 remedio
695 1151 801 1225 anime
829 1150 911 1243 sur.
954 1153 993 1222 In
1108 1148 1264 1240 defensore
1288 1177 1350 1221 non
1390 1150 1605 1240 potuerimus,
1639 1173 1699 1223 aut
1728 1151 1883 1238 finrbis

226 1251 387 1338 Narvilia
413 1251 618 1350 Maffaritiar
641 1257 762 1327 decent.
799 1258 838 1327 In
864 1254 995 1325 Archa·
1108 1252 1220 1321 exinde
1244 1252 1370 1348 aliquid
1392 1275 1449 1348 per
1473 1249 1587 1347 quovis
1612 1249 1776 1348 ingenium
1796 1254 1883 1346 sub-

226 1354 268 1425 de
293 1372 379 1428 tres.
406 1359 446 1426 In
463 1361 498 1427 ‘S
494 1356 670 1452 percellant
692 1359 795 1430 duas.
837 1359 876 1426 In
912 1358 996 1424 Ma·
1042 1361 1073 1434 B
1110 1353 1233 1423 trabere
1257 1353 1504 1449 quefiverimus:
1551 1373 1625 1423 tuns
1664 1352 1699 1424 in
1740 1357 1881 1445 duplum

220 1453 331 1548 strata
369 1457 471 1530 duas.
513 1462 552 1530 ln
590 1458 784 1554 Spernenigo
825 1475 914 1527 tres.
954 1459 994 1526 In
1109 1453 1303 1542 restituemus
1326 1456 1418 1527 vobis
1442 1460 1550 1527 eadem
1588 1451 1761 1549 offersionis
1786 1461 1873 1528 Car-

226 1561 343 1628 ·Arnas
362 1558 439 1648 sex.
466 1563 505 1630 In
532 1560 651 1646 Meslte
675 1579 830 1655 quatuor.
866 1560 906 1629 In
934 1561 1012 1627 Ver
1108 1560 1201 1648 tula,
1220 1555 1305 1642 fitur
1325 1577 1385 1653 pro
1412 1577 1545 1653 tempore
1564 1555 1687 1645 fuerint
1725 1555 1875 1630 meliora-

225 1657 339 1754 delago
364 1661 543 1732 duodecim.
585 1664 635 1730 Et
673 1656 846 1743 Ecclesiam
879 1657 995 1730 Sonlli
1108 1681 1166 1740 ta,
1192 1680 1250 1731 aut
1273 1658 1439 1730 valuerint
1468 1657 1532 1751 jab
1571 1656 1787 1747 estimatione,
1821 1653 1873 1734 cb*
1981 1714 1984 1718 »

226 1759 359 1855 Pelagii
384 1788 451 1832 cum
476 1762 548 1832 dotc
573 1763 618 1832 (9⁶
640 1761 731 1854 pctia
755 1787 821 1833 una
842 1781 922 1832 terre
940 1788 993 1831 ex·
1110 1759 1145 1832 in
1170 1758 1324 1844 consimili
1348 1763 1431 1833 lom.

225 1876 282 1931 tra
305 1860 485 1935 Civitatem
511 1861 657 1948 Tarert‘i
681 1862 768 1953 infra
792 1861 901 1936 ambos
925 1869 992 1935 Ca·
1163 1860 1288 1935 Album
1315 1861 1349 1930 in
1375 1861 1523 1930 Ciuitate
1548 1857 1693 1941 Tarvilii
1720 1857 1755 1925 in
1775 1861 1882 1926 Turre

223 1985 379 2057 gnanus:
417 1991 500 2036 cum·
519 1963 597 2050 calis
623 1964 667 2035 <9¹
692 1966 779 2037 burto
805 1965 850 2034 θ’
873 1969 992 2055 Curre,
1267 1960 1402 2056 ipsorum
1410 1964 1441 2051 J
1443 1958 1587 2056 ugolium
1603 1954 1881 2052 stipadium,

228 2061 359 2148 insimul
386 2066 422 2159 sc
448 2067 645 2139 tenentibus.
681 2065 853 2151 Ecclesiam
877 2064 993 2137 Sanlii
1262 2061 1418 2152 feliciter.

99 2192 100 2196 ¹
227 2165 426 2248 Michaelis,
463 2169 508 2239 (9·
533 2170 689 2241 culturam
722 2166 819 2264 ipsius
844 2193 914 2239 cunr
936 2173 995 2238 do-
1163 2167 1206 2256 αἶα
1234 2167 1277 2255 αέα
1317 2163 1454 2259 Signum
1498 2158 1678 2246 Rambaldi
1719 2156 1884 2241 Comitis,

226 2286 281 2341 tc.
308 2270 534 2342 Molendinum
553 2271 668 2363 subtus
706 2274 812 2342 Cruda
837 2296 905 2341 cum
923 2268 995 2360 suis
1035 2263 1071 2343 C
1261 2292 1299 2338 ac
1334 2263 1540 2360 Magirbilde
1575 2269 1607 2355 J
1608 2261 1780 2358 ugolium.
1821 2259 1882 2358 qui

224 2369 456 2467 pertinenciis.
504 2377 599 2466 Quas
649 2397 750 2442 omnes
788 2369 996 2462 supradilias
1263 2367 1344 2438 banc
1386 2371 1556 2437 Cartulam
1606 2361 1782 2460 offersionis
1823 2381 1885 2458 pro

227 2468 464 2562 Maffaririas,
490 2474 667 2565 Capellae,
694 2471 742 2552 ὠ
769 2472 995 2543 Molendinum
1263 2466 1368 2542 anime
1396 2466 1455 2559 sue
1480 2463 1527 2544 &¹
1558 2465 1686 2557 suorum
1707 2482 1880 2560 parentum

224 2568 313 2665 juris
339 2571 454 2659 nostri,
481 2599 548 2643 cum
574 2573 676 2656 tofis,
702 2572 829 2660 vineis,
856 2574 993 2665 campis,
1254 2568 1388 2661 scribere
1414 2587 1633 2665 rogaverunt.

223 2670 357 2766 pratis,
395 2671 546 2765 pascuis,
579 2672 701 2759 fibris,
738 2673 782 2741 Θ
808 2670 992 2758 stallariis,
1158 2675 1231 2766 Ego
1256 2671 1355 2764 Opius
1379 2670 1419 2740 de
1445 2675 1614 2741 Fontanea
1639 2687 1791 2767 rogatus,
1831 2664 1879 2746 dt

227 2769 329 2866 ripis,
366 2773 490 2869 rupinis
516 2774 560 2841 D*
582 2774 779 2868 paludibus,
821 2773 914 2844 cultis
949 2772 993 2841 Θ
1260 2770 1427 2867 imperiali
1480 2769 1670 2843 auibotitate
1725 2769 1883 2842 Notarius

227 2871 383 2964 incultis,
408 2873 527 2959 divisis
553 2872 600 2952 (φ
627 2873 801 2959 indivisis,
837 2899 996 2947 unacum
1256 2871 1387 2965 scripli.

220 2968 372 3067 finibus,
398 2975 566 3067 terminis,
608 2976 652 3045 (θ’
686 2977 900 3070 acceffionibut
914 3023 925 3056 ,
952 2975 997 3044 θ
1157 2978 1201 3065 ⁴1⁴
1229 2979 1273 3064 αἶα
1301 2978 1343 3063 ὦ
1372 2976 1415 3065 offis
1443 2973 1618 3058 Marfilius
1641 2975 1682 3044 de
1721 2973 1798 3045 Vico
1818 2979 1880 3049 A·

173 3100 176 3104 ’
227 3072 336 3160 usibus
360 3083 536 3173 aquarum,
573 3101 784 3174 aquarumque
818 3075 994 3165 duilibus,
1258 3075 1389 3169 vigim,
1423 3077 1593 3167 odulphus
1621 3077 1797 3166 l'illanus,
1833 3075 1878 3146 D·

223 3203 298 3250 cum
323 3179 467 3253 omnibus
487 3178 689 3270 supradiliis
708 3179 873 3272 capellis,
900 3179 995 3269 Mas·
1037 3184 1069 3253 D
1258 3176 1401 3272 Egidius
1442 3181 1482 3247 de
1516 3185 1685 3258 Romano,
1718 3173 1768 3256 dr
1800 3176 1878 3248 irem

221 3280 376 3376 saritiis,
412 3309 480 3353 curn
508 3281 580 3372 suis
611 3281 818 3377 pertinentiis
852 3280 887 3352 in
914 3281 996 3352 intt-
1258 3276 1468 3374 Peregrinus,
1496 3281 1594 3376 Lege
1619 3275 1875 3381 Longobardo-

225 3408 322 3476 grum
344 3379 487 3474 predicis
521 3381 715 3466 Monasserio
748 3382 918 3452 obtulimus
940 3403 998 3476 pro
1258 3404 1337 3452 rum
1387 3399 1494 3477 atque
1545 3380 1661 3456 salica
1716 3380 1882 3456 viventes

228 3481 366 3549 remedio
390 3484 495 3552 anime
530 3477 630 3564 nolite
667 3476 715 3555 (α’
749 3500 915 3568 potentum
940 3505 996 3550 no-
1261 3479 1380 3553 testes.

223 3576 380 3667 fiturum,
407 3579 456 3658 (α’
480 3579 624 3647 omnibus
641 3576 828 3670 ingreffibus
846 3578 917 3666 suis
937 3605 996 3677 gt·
1161 3585 1244 3654 Non
1296 3580 1433 3679 pigebit
1482 3582 1669 3658 Leiborem
1720 3584 1881 3686 accipere

230 3678 403 3757 neraliter‚
429 3698 465 3748 ur
485 3674 632 3770 superius
657 3676 795 3773 legitur.
822 3682 871 3748 Et
895 3680 996 3750 decer-
1107 3682 1252 3753 alteram
1275 3681 1469 3766 Chartam,
1490 3709 1580 3782 quae
1600 3688 1642 3759 ud
1663 3684 1777 3760 filiam
1799 3688 1876 3783 eju·

230 3779 338 3851 nimus
371 3781 414 3849 ab
451 3778 510 3852 bac
533 3776 588 3849 die
612 3775 751 3876 prediflo
775 3777 996 3871 Monasterio‚
1108 3779 1200 3854 idem
1230 3783 1419 3858 Rambaldi
1438 3781 1599 3860 Comitis
1618 3786 1795 3884 pertinere
1816 3784 1875 3858 ui-

230 3877 279 3959 &
304 3880 436 3953 Abbati
460 3887 554 3953 Petro
579 3877 627 3960 ά
654 3882 824 3974 Monuit,
861 3882 918 3979 qui
940 3903 998 3978 prr
1108 3881 1228 3956 detur.
1272 3888 1360 3956 Eam
1403 3913 1469 3987 ego
1508 3883 1675 3984 depromfi
1710 3911 1873 3984 enuper

230 4000 365 4078 tempere
384 3982 526 4054 ordinari
544 3983 690 4071 possint,
716 4005 753 4056 ut
773 3982 902 4076 faciant
921 3982 996 4080 jure
1108 3984 1253 4058 laudato
1279 3987 1476 4062 Tabulario
1499 3984 1760 4062 Monachorum
1801 3990 1873 4063 Be·

228 4082 437 4183 proprietarie
470 4083 515 4151 0
548 4084 671 4152 nomine
697 4086 863 4180 'quicquid
885 4089 995 4159 volue-
1035 4093 1066 4164 E
1108 4085 1369 4162 nediffinorum
1404 4091 1494 4163 olim
1535 4087 1654 4163 Sanffi
1681 4087 1870 4191 Prosperi,

231 4186 302 4261 rint
319 4185 391 4275 fine
414 4183 502 4258 omni
526 4181 630 4271 nostro
668 4182 712 4252 (t
747 4205 915 4279 parentum
941 4133 1029 4290 nol
1107 4216 1200 4264 nunc
1225 4190 1346 4264 sanai
1374 4192 1471 4267 Petri
1500 4188 1704 4294 Regitnfis.

233 4439 448 4528 Mathildis
476 4435 710 4547 Comitifft,
739 4463 840 4523 uxor
869 4439 1050 4529 Uchonis
1080 4438 1255 4530 Comitis
1274 4445 1485 4536 Monachis
1504 4445 1761 4563 Regienfibus
1778 4450 1877 4538 San·

166 4587 183 4615 t
291 4555 348 4642 &i
392 4557 566 4676 Prosperi
602 4557 797 4678 quaedam
829 4585 854 4644 a
883 4555 972 4644 viro
1001 4559 1069 4650 suo
1097 4563 1244 4650 donata
1274 4567 1506 4676 confirmat,
1538 4574 1820 4675 Ann01091.

281 4792 320 4863 N
342 4787 464 4859 nomine
490 4789 622 4864 Domini
648 4794 713 4864 Dei
737 4794 859 4868 eterni.
898 4798 1000 4869 Anni
1110 4805 1152 4872 Χ.
1177 4797 1231 4873 die
1254 4800 1355 4892 mense
1379 4801 1581 4884 Decembris,
1617 4801 1779 4875 Indicione
1805 4808 1882 4879 XV.

304 4895 347 4967 ab
372 4889 592 4964 incarnatione
615 4891 750 4965 Domini
773 4895 870 4982 nostri
893 4905 924 4991 J
925 4901 998 4989 besu
1109 4899 1211 4992 Tibi,
1237 4929 1296 4998 que
1319 4904 1438 4975 dicitur
1462 4906 1604 4992 Ecclefia
1635 4909 1676 4976 de
1711 4906 1876 4991 Manasse-

233 4997 353 5090 Cbrisli
391 4990 567 5082 Millestmo
613 4993 822 5094 Nonagessmo
861 5002 997 5084 Primo,
1105 5005 1154 5076 rio
1177 5003 1293 5080 Sanlbi
1317 5008 1461 5104 Prrfpcei
1473 5056 1485 5091 ‚
1516 5008 1586 5097 fisa
1609 5029 1701 5081 extra
1723 5006 1871 5181 Cilpp'tnlr
