4216 6014
232 365 243 437 .’
295 340 379 428 537

599 309 969 400 DlSSEllYATlO
999 302 1512 400 Vtcaslrmrrurlas

1729 270 1813 432 ut
1899 283 1900 286 Ὺ

234 454 318 529 pore
355 424 537 505 Alboinus
572 453 653 504 eum
689 428 760 508 suis
796 430 1000 507 Pannoniae
1033 432 1070 507 A
1108 428 1223 500 nebu·
1246 427 1346 503 Haec
1364 425 1408 502 de
1432 429 1597 506 Romano
1619 429 1761 510 Ducam
1785 438 1873 509 San·

230 531 314 605 rale
340 531 461 605 dicens
487 532 526 604 in
557 528 658 606 hasco
682 532 844 634 regiones
870 533 1000 625 irruit,

233 657 279 708 ex
305 630 450 708 diversa
475 630 584 708 etiam
611 631 693 708 aliis
719 636 885 735 gentibus
909 640 999 710 Ger-

236 737 389 809 manicis
431 737 585 834 integras
627 734 719 810 acier
742 734 823 811 'libi
863 737 1000 838 junbias

235 836 386 925 ducens,
411 862 519 935 aeque
543 836 586 910 ad
610 836 782 913 italorum
808 837 921 940 spolia
943 838 1001 914 in·

234 937 397 1030 hiantes,
432 937 542 1013 ferrea
578 937 750 1040 plane&
779 939 935 1016 immitis
964 944 998 1014 bt

237 1041 421 1116 brutorum
450 1040 586 1114 aemula
614 1066 699 1140 gens
720 1039 786 1116 'isia
812 1039 903 1118 fuit.
930 1043 1001 1117 Sub

236 1141 400 1216 Alboino
427 1139 520 1215 susus
547 1141 671 1216 multis
705 1141 746 1217 in
781 1143 872 1220 locis
897 1143 1001 1220 Itali-

237 1268 357 1317 corum
394 1240 560 1343 sanguis3
598 1260 636 1317 at
670 1244 789 1344 pejora
825 1245 888 1321 suh
924 1249 1000 1320 Du·

1107 526 1187 602 uae
1212 524 1429 628 Gregorius.
1467 534 1593 630 Neque
1618 531 1715 610 enim
1745 534 1785 611 in
1811 535 1876 611 ‹le-³

1107 627 1203 703 ditos
1229 625 1292 703 fibi
1321 631 1498 730 Populos,
1528 633 1662 737 srbique
1690 657 1872 738 parentes,

1107 729 1320 805 debacchata
1348 731 1491 807 videtur
1524 736 1638 812 rabies
1665 740 1872 843 Langobar·

1107 831 1258 906 dorum.
1297 831 1392 908 lllud
1430 853 1552 912 tamen
1589 837 1740 916 minime
1774 839 1871 918 diffi-

1108 933 1339 1024 mulandum,
1378 961 1398 1009 a
1433 934 1578 1038 Clepho
1606 941 1760 1018 Alboini
1796 943 1873 1020 suc-

1108 1037 1235 1111 cessore
1273 1040 1406 1112 multos
1442 1048 1656 1116 Romanarum
1692 1044 1781 1117 uim
1814 1066 1873 1143 pr-

1107 1159 1229 1219 rantes,
1257 1139 1340 1210 aliar
1369 1141 1484 1236 gladio
1507 1142 1663 1216 ratirsbar
1675 1193 1688 1226 ,
1722 1145 1807 1219 alios
1830 1151 1874 1221 ab

1107 1240 1208 1312 ltalia
1228 1237 1324 1334 suffe
1348 1245 1547 1327 exturbatos,
1575 1262 1617 1321 ut
1643 1244 1738 1321 idem
1768 1250 1873 1324 Paul·

235 1369 315 1423 cum
342 1347 517 1445 regimine
543 1342 759 1444 consequuta
784 1344 886 1421 sunt:
917 1373 999 1420 nam
1035 1352 1064 1426 Β
1106 1340 1161 1413 lus
1197 1340 1327 1415 tradit.
1362 1343 1520 1418 Acceffit
1553 1347 1597 1421 ad
1624 1347 1751 1426 ltaliae
1778 1352 1871 1426 cala-

227 1471 357 1519 ·eorum
387 1444 533 1564 gladiur
566 1443 605 1520 in
632 1445 790 1564 quosque
816 1446 1003 1524 refilientcs

234 1546 1004 1749 idniphrlihsuiiiblittitohldus’atiiidaebiaccddd

236 1749 320 1823 teste
345 1750 429 1827 Lib.
457 1777 490 1824 a.
516 1747 607 1850 Cap.
633 1774 693 1848 32.
719 1751 763 1827 de
788 1751 882 1828 Gesi.
905 1755 1002 1828 Lan·
1040 1795 1042 1800 ·

235 1851 495 1950 gobardorum‚
517 1853 671 1948 spoliarit
695 1851 866 1943 Kattabia,
891 1860 1000 1927 sarrr-

235 1953 364 2024 dotibus
389 1952 585 2044 interfesbis,
610 1952 816 2026 Civitatibus
835 1953 1002 2048 subrutis,

234 2055 455 2150 Populrffque,
491 2052 548 2151 qai
572 2077 656 2124 mere
683 2053 826 2152 segetum
858 2082 1001 2130 excreare·

1106 1439 1249 1514 mitates
1276 1440 1448 1520 horrenda
1477 1445 1578 1546 pellic
1606 1475 1647 1525 ac
1672 1450 1871 1528 intoleran-

1105 1538 1148 1616 da
1174 1539 1305 1625 sames,
1332 1568 1424 1643 quae
1446 1548 1541 1623 mala
1568 1553 1625 1625 vel
1662 1571 1745 1627 ante
1772 1557 1870 1632 Lan*

1127 1642 1338 1718 ohardorum
1375 1645 1567 1723 adventum
1608 1646 1869 1730 habitatoribus

1147 1744 1223 1819 rhea
1248 1741 1288 1820 &
1313 1772 1416 1849 agroa
1441 1746 1694 1846 exhauserant,
1720 1773 1763 1830 ut
1813 1782 1870 1829 ro·

1105 1861 1224 1944 pterea
1258 1846 1297 1920 in
1325 1873 1438 1924 vacuo
1464 1852 1578 1928 ueluti
1617 1859 1741 1955 Regno
1775 1782 1871 1932 bisc

1105 1972 1146 2020 ac
1180 1945 1338 2022 sobolom
1374 1947 1493 2034 suam,
1528 1955 1643 2030 immo
1677 1953 1718 2032 sit
1754 1983 1870 2032 mores

1106 2047 1243 2124 barbari
1279 2048 1383 2125 facile
1419 2057 1676 2154 propagarint.
1715 2061 1869 2140 Mores,

232 2175 330 2233 rant,
356 2151 532 2234 earinfflis,
559 2155 695 2252 merprir
720 2155 774 2227 bis
799 2155 1001 2255 regionibus,
1103 2146 1276 2249 inquam3
1303 2176 1385 2225 nam
1412 2179 1521 2253 quum
1549 2157 1725 2234 attenuati
1751 2159 1870 2235 forent

234 2280 316 2355 quas
339 2257 473 2330 ,Albuir
499 2274 641 2346 ceperat,
668 2257 772 2329 ltalia
795 2284 845 2331 ea.
861 2259 1002 2332 maxim,
1030 2255 1066 2336 C
1104 2268 1240 2324 veteres
1272 2251 1399 2328 Italiae
1433 2255 1596 2340 incolae,
1632 2258 1670 2336 dt
1708 2263 1870 2363 plerique

231 2378 326 2451 parre
349 2378 444 2454 capra
465 2356 530 2447 srr,
556 2353 605 2437 (ν
629 2385 653 2430 r
676 2359 903 2453 langobardis
923 2361 999 2455 jub·

229 2455 370 2555 iugata.
403 2457 552 2558 Excipit
577 2457 642 2533 ille
668 2458 712 2533 ab
739 2460 903 2536 Albuino
928 2462 999 2563 jam

235 2579 427 2658 occupata.
456 2565 496 2633 ln
524 2559 580 2633 his
605 2556 706 2634 enim·
725 2559 797 2660 jam
825 2560 888 2638 sbi
915 2589 1001 2638 con·

234 2658 375 2758 quisrtia
414 2687 534 2761 pacem
571 2662 799 2760 Langobardi
835 2664 1000 2740 alebant.

232 2759 362 2860 Itaque
385 2787 507 2838 eorum
536 2762 634 2836 furor
658 2762 697 2836 in
724 2765 803 2838 loca
839 2765 904 2843 illa
930 2766 1000 2843 sese

232 2864 465 2948 exoneravit,
485 2891 574 2965 quae
592 2862 705 2938 adbuc
725 2864 899 2942 adversari
920 2867 1000 2942 sunt

233 2963 335 3053 ausa,
370 2991 412 3040 ac
437 2966 623 3067 praecipue
649 2966 688 3040 in
715 2992 838 3140 aprum
868 2973 1000 3042 Roma·

232 3090 342 3150 num,
377 3093 487 3166 quum
525 3067 709 3142 utlaio.
754 3068 797 3142 de
824 3068 996 3169 Augusto·

1103 2350 1142 2425 ira
1161 2350 1387 2427 deterrimam
1413 2359 1630 2456 paupertatir
1655 2361 1785 2437 sortem
1806 2363 1869 2438 de·

1103 2451 1211 2553 jesii,
1247 2452 1342 2530 nihil
1369 2456 1501 2533 virium
1528 2478 1591 2536 aut
1617 2464 1774 2566 exempli
1810 2462 1868 2538 hi-

1103 2552 1159 2629 sce
1176 2553 1286 2646 suit,
1322 2575 1363 2630 ut
1398 2582 1511 2636 novos
1548 2561 1790 2640 dominatores
1824 2561 1876 2639 ad

1102 2653 1199 2731 aliud
1236 2656 1383 2732 vivendi
1420 2685 1529 2760 genua
1564 2663 1761 2766 elegantius
1775 2714 1788 2749 ,
1828 2689 1868 2740 rc

1103 2755 1292 2833 humanius
1319 2759 1527 2838 allicerent.
1565 2766 1753 2868 Propterea
1788 2792 1869 2868 per·v

1103 2885 1224 2933 rexere
1249 2859 1311 2932 diu
1337 2863 1565 2960 Langobardi
1592 2865 1629 2938 iu
1658 2866 1801 2943 seritate
1827 2893 1868 2943 ac

1102 2957 1295 3034 rusticitate
1331 2961 1534 3058 primaeva,
1569 2984 1676 3063 atque
1711 2967 1749 3040 in
1787 2969 1868 3043 har·

1104 3059 1224 3134 harico
1251 3061 1370 3135 vultus
1396 3062 1431 3134 δι
1459 3062 1605 3139 vestium
1626 3085 1777 3158 ornatu,
1803 3067 1868 3143 do·

232 3191 313 3242 mm
349 3167 484 3269 sempe,
518 3168 676 3244 constans
719 3176 901 3266 „augum
938 3171 1000 3244 ad.
1032 3164 1066 3234 D
1102 3186 1166 3234 nec
1202 3157 1328 3235 mitius
1365 3163 1491 3238 ltaliae
1517 3167 1677 3260 carlum,
1712 3165 1753 3243 ἃ
1791 3173 1867 3244 Ro·
1960 3177 1961 3181 ’

232 3266 316 3342 duci
341 3270 521 3368 potuerit,
546 3290 587 3344 ut
614 3270 760 3342 barbaro
785 3272 924 3367 Populo
948 3269 1000 3345 sa·

231 3384 329 3442 cenet
363 3368 611 3443 deditionem.
650 3368 748 3443 Audi
784 3371 998 3472 Gregorium

231 3465 432 3568 Magnum,
458 3469 523 3569 qui
551 3469 696 3546 cadente
731 3469 857 3546 rodem
894 3476 998 3548 Secu-

230 3571 271 3644 lo
311 3576 507 3646 Romanam
543 3568 761 3651 Cathedram
801 3571 998 3669 implerit,

230 3669 419 3773 Dialogor.
448 3675 533 3750 Lib.
560 3699 596 3775 3.
625 3677 715 3772 Cap.
741 3678 803 3773 38.
839 3678 924 3748 Mra
950 3677 998 3768 es·

224 3772 299 3864 sera
321 3779 600 3872 Langobardorum
618 3803 699 3874 gera
719 3778 762 3849 de
778 3777 905 3874 uagina
920 3777 1000 3870 saar

231 3874 445 3950 habitationis
475 3878 621 3970 aduisa,
656 3878 693 3951 in
727 3878 862 3967 rostram
896 3878 999 3951 carvi-

231 4001 293 4049 arm
315 3974 460 4075 graffara
477 3980 551 4066 er‚·
569 4002 664 4078 atque
681 3980 853 4051 bumanam
875 4007 998 4075 genus,

1103 3285 1288 3336 manorum
1322 3264 1358 3336 δι
1394 3267 1609 3340 Graecorum
1642 3272 1866 3345 contermina

1102 3363 1290 3462 exempla,
1328 3390 1389 3439 eor
1424 3365 1468 3442 ad
1507 3392 1648 3444 morum
1688 3372 1866 3446 culturam

1102 3462 1285 3561 aliquam,
1320 3467 1354 3538 br
1391 3465 1434 3540 ad
1471 3469 1708 3547 urbanitatem
1745 3470 1869 3549 seufim

1101 3561 1271 3638 deduxit.
1298 3566 1359 3640 Ab
1386 3568 1545 3668 Agilulfi
1582 3576 1633 3646 Re
1658 3571 1689 3648 ia
1716 3572 1870 3676 conjuga

1102 3663 1376 3749 Theodelinda,
1402 3687 1521 3745 narrat
1549 3675 1634 3748 l'aul
1653 3701 1692 3749 ur
1718 3675 1803 3752 Lib.
1826 3701 1867 3773 4.

1101 3763 1193 3866 Cap.
1221 3791 1281 3866 23.
1306 3767 1350 3842 de
1375 3765 1762 3874 GestjLangobardor.
1781 3802 1869 3852 con·

1101 3867 1265 3944 sirubiam
1293 3865 1393 3941 suilse
1418 3869 1459 3944 in
1485 3870 1656 3950 honorem
1684 3876 1780 3953 beati
1805 3880 1868 3970 Jo-

1102 3967 1228 4042 hannio
1263 3966 1437 4068 Baptistae
1473 3969 1642 4074 insagnem
1680 3975 1867 4054 Basilicam

230 4084 317 4176 W
348 4078 383 4150 r,
410 4083 482 4150 H„
505 4087 608 4153 Tm,
637 4102 716 4176 pm
750 4080 854 4150 ,rm
885 4082 996 4150 mum.
1029 4067 1059 4138 Ε
1100 4065 1865 4178 modoetiae,uoi&pittafuere1.aa-

230 4179 346 4253 tudine
372 4177 463 4277 quali
491 4179 608 4277 spiffar
635 4179 754 4276 segetia
788 4203 871 4249 more
891 4180 999 4272 sarre-

230 4301 344 4368 arrm,
363 4282 517 4375 sarisam
541 4283 650 4356 aruit.
678 4286 768 4355 ΝΜ
790 4282 998 4379 depopulatae

232 4381 357 4466 Urbes,
391 4384 501 4475 eversa
525 4383 665 4474 castra,
700 4402 907 4455 conmemorare
932 4389 997 4454 Er-

1101 4170 1353 4292 gobardorum·
1371 4171 1493 4292 pella.
1528 4181 1569 4252 ln
1607 4204 1671 4275 qur
1707 4179 1864 4276 pilium,

1101 4270 1261 4348 aridem
1288 4271 1434 4368 scrabrt,
1470 4278 1632 4370 manifeste
1665 4277 1865 4371 ostenditur,

1100 4376 1248 4472 quomado
1272 4379 1481 4473 Langobardi
1513 4405 1547 4450 rr
1581 4399 1716 4471 tempora
1748 4404 1865 4452 romam

231 4483 364 4576 arefiat,
387 4484 547 4575 delirasse
569 4484 767 4574 Morrsteria
788 4485 931 4556 virorum
954 4485 998 4556 Θ
1101 4476 1217 4569 capitia
1240 4479 1439 4567 trudebant,
1474 4480 1532 4550 urb
1555 4481 1663 4578 quasis
1686 4479 1779 4553 illias
1805 4491 1873 4554 arr-¹

229 4584 441 4674 feminarum,
468 4590 609 4680 desolata
633 4585 677 4662 ab
701 4584 881 4659 bomiribrrr
902 4608 997 4685 prae·
1092 4577 1217 4667 siim»
1251 4578 1397 4676 ΜΝ
1421 4579 1552 4667 btbiwt
1575 4600 1673 4657 etat.
1698 4581 1864 4681 Siquidm

234 4685 320 4767 dia,
350 4707 445 4783 atqua
469 4691 512 4760 ab
535 4689 761 4764 maritalem
784 4689 936 4777 dubitata
960 4688 996 4761 ir
1038 4687 1041 4693 ’

227 4783 406 4880 filicadirrr
426 4811 524 4860 vacat
546 4797 646 4863 Terra
655 4816 672 4862 .·
696 4793 805 4863 russas
823 4795 907 4864 bart
922 4786 996 4888 prl-
1028 4815 1029 4818 ’

228 4884 324 4982 saffo
356 4887 548 4962 inhabitat:
582 4912 768 4987 meuparrerr
800 4893 914 4981 brfliar
947 4894 997 4964 sa-

232 5015 292 5084 rr,
319 5016 399 5089 quar
428 4990 523 5088 prius
549 4994 721 5067 multitudo
754 4997 914 5067 seminare
946 5014 997 5067 re·

1100 4680 1250 4754 oeruiearr
1289 4680 1384 4778 rosque
1403 4683 1461 4754 ar
1496 4682 1675 4776 occipitium
1715 4689 1863 4760 radentes

1101 4785 1298 4856 undabant:
1330 4782 1465 4875 capillos
1487 4813 1511 4858 a
1531 4785 1617 4877 faeie
1641 4785 1736 4886 usqne
1759 4792 1808 4859 ad
1830 4807 1864 4856 ot

1099 4881 1242 4980 derriffrs
1262 4883 1433 4969 babmrrr,
1459 4909 1536 4983 quar
1553 4886 1588 4959 ir
1605 4907 1771 4986 atramque
1786 4906 1865 4982 prr·

1100 5003 1165 5061 terr
1202 4988 1239 5059 in
1272 4986 1393 5075 frutis
1430 4988 1611 5080 cismar
1648 4990 1863 5062 dividebant.

1714 5082 1816 5174 Vrbi·
