4216 6014
286 340 373 438 469
539 322 908 416 Drssnerorro
951 320 1506 416 roossrrresocounm
1729 333 1818 440 470·

227 440 445 536 liubussie,
479 465 603 537 recepto
619 447 771 539 Jahanne
805 447 899 525 Cuho
917 444 994 539 filio
1035 449 1070 520 A
1113 444 1153 514 dr
1180 443 1316 514 Dvmhw
1338 444 1521 537 placuerit,
1556 440 1704 516 dmi&
1730 449 1765 518 ‘⁹⁹⁸
1789 465 1880 539 pm·

222 540 308 635 suo,
347 548 418 620 abia
441 551 548 618 omnia
574 547 621 628 (γ’
647 577 683 619 en
723 550 865 622 omnihus
899 549 996 640 super

228 642 297 737 eis,
324 648 462 744 qualiter
492 648 639 741 superius
663 651 804 747 iegitur,
838 677 907 722 cum
926 652 996 742 ser·

229 745 286 817 uis
323 760 371 828 dy
410 749 564 833 ancillis,
603 751 709 822 omnia
749 751 784 823 in
812 752 995 849 integrum.
1052 826 1053 829 ,

230 852 346 944 astque
369 851 561 923 concedimus
599 852 633 923 in
662 851 876 949 suprascripto
918 857 994 923 Mo-

231 950 366 1036 nolieriu
398 955 506 1025 omnia
539 948 588 1031 ἴθ’
622 980 660 1024 erc
697 953 841 1026 omnibus
879 978 995 1027 terram

229 1051 396 1125 vineatam
431 1055 477 1125 (Ψ
509 1055 703 1136 aratoriam,
742 1081 801 1152 que
836 1056 922 1129 rebla
948 1053 995 1133 &⁹

231 1151 377 1226 bahorasa
403 1155 438 1225 in
456 1154 645 1248 supradibio
671 1157 850 1242 Muliiiano
875 1209 885 1232 .
911 1210 921 1230 .
948 1211 957 1230 .
985 1213 995 1231 .

228 1274 287 1350 per
312 1283 385 1329 man
412 1307 423 1330 .
450 1309 460 1328 .
486 1308 497 1331 .
524 1309 534 1330 .
562 1257 711 1329 Martino
729 1257 806 1350 filio
825 1261 909 1352 suu,
949 1259 996 1338 &⁴

1107 543 1192 631 flate
1218 543 1363 614 heredum
1389 545 1557 630 nostrorum
1585 543 1739 630 similiter
1759 547 1880 645 guber-

1114 645 1217 716 nandi
1256 645 1301 714 (θ’
1339 647 1467 742 regendi
1507 645 1677 718 inhonore
1703 650 1880 722 Monacbo·

1113 772 1202 818 rum.
1229 751 1277 817 Et
1297 744 1329 830 li
1353 769 1480 838 autem,
1505 747 1589 842 quod
1613 769 1742 822 avertat
1768 759 1878 844 Deus,
2003 834 2007 842 .

1112 849 1224 944 aliqua
1248 847 1360 934 occufio
1385 848 1440 922 vei
1462 871 1570 945 prava
1594 855 1800 946 contemptio,
1828 855 1881 926 in·

1111 950 1249 1047 {ligante
1288 951 1421 1047 antiquo
1460 950 1541 1038 hoste
1566 1005 1576 1024 .
1604 1001 1614 1022 .
1640 1004 1650 1025 .
1678 1005 1688 1026 .
1717 953 1882 1028 heredibus

1114 1058 1316 1123 emendentur
1323 1079 1345 1140 ,·
1379 1053 1426 1134 ὠ
1452 1053 1604 1150 quicquid
1627 1053 1663 1123 in
1690 1052 1756 1150 ipso
1781 1062 1882 1127 Cerro-

1113 1153 1166 1226 bio
1185 1153 1297 1245 saniir
1322 1151 1370 1231 θ’
1395 1157 1538 1229 Oratorio
1555 1161 1686 1242 datum,
1714 1157 1882 1251 offertum,
2016 1182 2037 1206 N

1114 1253 1315 1352 oblatumque
1349 1257 1473 1348 fuerit,
1506 1254 1555 1341 fit
1580 1259 1615 1328 in
1653 1258 1803 1353 potestate
1821 1260 1882 1354 su-

229 1354 267 1426 in
288 1357 427 1446 fundum
454 1358 547 1430 Virri
556 1409 566 1432 .
606 1359 766 1432 Similiter
803 1360 911 1431 omnia
950 1358 997 1438 &⁹
1046 1360 1071 1428 Β
1112 1356 1255 1452 P'abiW
1281 1357 1377 1431 Petri
1406 1355 1671 1453 Presbyteri&
1698 1360 1881 1445 Abbati&

231 1483 269 1528 ere
307 1460 451 1534 omnibus
489 1463 525 1531 in
560 1459 717 1556 integrum
756 1488 815 1559 que
841 1461 999 1556 aequifivi

227 1581 286 1657 per
323 1566 478 1634 cartulam
518 1561 717 1634 venditionis
755 1575 800 1638 da
836 1564 996 1644 Iidrada,

231 1664 316 1759 quod
339 1684 470 1736 vocatur
489 1662 594 1753 fundo
619 1666 805 1761 Cigrtauio‚
837 1663 886 1752 stt
926 1692 997 1736 cou-

232 1761 341 1856 eeffum
366 1765 401 1835 in
421 1763 609 1857 suprodibho
632 1766 695 1837 ioco
708 1815 719 1848 ,
743 1766 834 1859 peria
851 1793 917 1838 una
934 1787 996 1837 ter-

233 1890 266 1934 re
291 1865 348 1935 ubi
372 1864 513 1949 Eecielio
551 1864 679 1956 edific.
706 1919 715 1939 .
742 1920 752 1940 .
778 1920 789 1940 .
814 1895 888 1938 man
904 1896 997 1941 rone.

232 1970 364 2057 Necnon
387 1966 486 2056 peciov
502 1991 567 2037 una
585 1987 689 2048 terra,
715 1992 808 2066 quarn
826 1968 998 2064 acquisivit

233 2067 269 2138 in
292 2065 475 2162 supradiiia
507 2066 613 2156 fundo
637 2071 817 2165 Cignaulo,
858 2096 936 2166 quas
963 2072 998 2141 in

226 2167 439 2263 suprascripto
474 2168 668 2256 Monalierio
690 2172 823 2264 ¹conceffi
860 2193 915 2267 per
948 2198 996 2242 re·

231 2270 367 2341 medium
393 2269 499 2341 anime
518 2270 601 2361 sue:
640 2272 685 2342 (9'
709 2294 794 2345 terra
820 2273 902 2355 itta,
940 2298 997 2370 qne
1041 2263 1071 2333 C

233 2373 277 2459 eli
302 2372 336 2442 in
362 2373 425 2441 locu
451 2371 507 2466 qui
531 2393 664 2443 vocatur
687 2379 755 2447 Pra
787 2373 924 2471 Caligno
950 2374 997 2453 ὅγ’

234 2472 270 2542 in
290 2471 474 2565 supradiiio
494 2470 598 2561 fundo
618 2474 798 2570 Cignaulo,
825 2476 930 2548 omnia
955 2478 998 2546 Θ

234 2600 273 2646 ere
296 2576 441 2646 omnihus
473 2571 635 2668 conceffum
660 2604 682 2647 a
711 2576 894 2670 supradiiio
920 2583 997 2649 Mo·

208 2674 367 2762 molieris
393 2677 428 2744 iu
454 2677 631 2770 integrum.
658 2682 721 2748 Seu
748 2682 791 2747 (9¹
817 2678 905 2768 infra
922 2681 998 2749 Pie-

137 2868 140 2873 ·
233 2774 272 2849 be
296 2774 415 2849 sonere
441 2777 552 2848 Marie
578 2779 702 2850 Matris
729 2780 851 2868 Cbrilii
870 2780 905 2850 in
918 2780 998 2871 fun·

233 2881 275 2948 de
300 2878 470 2971 Lupoiito,
497 2878 603 2951 omnia
629 2881 674 2950 Θ·
698 2907 736 2951 rx
754 2882 919 2969 omnibus,
941 2907 1006 2978 que

234 2983 325 3062 nobis
347 2979 512 3071 pertinent
534 2983 574 3049 de
612 2986 730 3061 Curte,
770 3007 829 3078 que
868 3003 1000 3053 vocatur

233 3087 273 3154 de
300 3080 443 3161 Linus,
484 3107 552 3151 eum
577 3083 684 3152 omnia
712 3082 863 3180 superse
889 3080 937 3162 &¹
965 3084 999 3152 iu

1088 1520 1090 1523 .
1116 1459 1160 1527 (θ’
1186 1461 1415 1530 Monachorum
1451 1461 1547 1557 ipfius
1580 1462 1690 1555 sandi
1716 1465 1881 1552 Munafle-

1114 1560 1180 1651 rii,
1218 1559 1275 1631 uhi
1306 1582 1456 1656 pauperes
1490 1561 1539 1640 (γ’
1570 1565 1731 1659 peregrini
1755 1567 1880 1655 cesetiu-

1115 1689 1184 1732 nem
1209 1659 1347 1734 habent.
1375 1663 1648 1733 Mundihurdium
1672 1689 1748 1736 vero
1773 1666 1816 1737 ab
1841 1696 1880 1739 a-

1114 1764 1206 1838 varis
1231 1763 1276 1833 (9⁹
1298 1764 1413 1858 pravis
1439 1765 1617 1837 horninibus
1643 1765 1677 1835 in
1711 1765 1814 1852 nostra
1831 1768 1880 1850 fit

1112 1866 1262 1961 potestate
1285 1866 1469 1956 defendere,
1509 1863 1558 1944 dr
1577 1864 1731 1958 solatium
1753 1872 1880 1964 prebere

1116 1971 1149 2036 in
1178 1968 1242 2062 ipso
1261 1966 1376 2059 sanilo
1410 1969 1626 2060 Monalierio,
1666 1967 1714 2048 (θ’
1755 1970 1882 2067 inipso

1115 2067 1248 2140 Arbore
1274 2070 1359 2140 omni
1385 2090 1519 2161 tempore
1546 2069 1617 2156 fine
1655 2068 1810 2157 obstaculo
1837 2074 1882 2142 θ’

1116 2169 1335 2264 impedimento
1381 2171 1583 2262 aduersorum
1625 2172 1785 2243 huminum
1836 2174 1882 2244 Θ
2012 2195 2014 2206 ·

1113 2290 1289 2360 pravarum
1334 2275 1515 2367 gentium,
1558 2275 1681 2365 semper
1731 2293 1882 2348 maneant

1115 2371 1216 2466 quieti
1251 2369 1298 2450 &¹
1326 2373 1430 2464 securi
1463 2405 1485 2447 a
1523 2376 1613 2446 nobis
1646 2369 1694 2451 &²
1720 2406 1741 2448 a
1767 2375 1879 2463 nolitis

1115 2470 1300 2546 heredibus.
1336 2472 1437 2559 Etfi
1461 2475 1573 2572 aliqua
1598 2475 1806 2562 controversia
1832 2474 1879 2556 ὧν

1109 2572 1355 2665 superstitiosam
1381 2575 1504 2666 eausam
1531 2577 1565 2647 in
1593 2575 1658 2672 ipso
1676 2574 1792 2666 scoriis
1818 2584 1881 2649 Ce-

1116 2673 1208 2747 nabis
1241 2679 1296 2746 ereb
1324 2674 1421 2767 super
1455 2677 1535 2772 ipsos
1560 2676 1735 2749 Monachus
1761 2685 1882 2752 adver·

1109 2775 1150 2868 sa
1176 2826 1334 2850 .....
1358 2784 1399 2848 de
1423 2777 1474 2848 his
1513 2779 1684 2870 omnibus,
1723 2806 1783 2877 que
1823 2804 1882 2873 prr

1115 2875 1286 2949 animabus
1326 2877 1438 2965 nostris
1475 2881 1644 2960 dedimus,
1679 2881 1787 2972 sciant
1824 2880 1882 2978 effe

1115 2975 1331 3067 composituros
1367 2977 1401 3048 in
1437 2978 1503 3068 ipso
1540 2980 1650 3068 [aubia
1685 2982 1882 3070 Monasierio

1115 3074 1164 3156 ἐν
1190 3076 1255 3173 ipso
1279 3075 1427 3152 Abbattr'
1453 3081 1496 3149 Θ
1522 3077 1696 3154 Fratribus
1721 3087 1791 3155 Deo
1809 3085 1880 3176 ser·

228 3183 422 3277 sebahente
447 3183 483 3253 in
519 3183 701 3279 integrunt,
740 3211 805 3258 una
843 3211 911 3256 curn
936 3203 999 3254 ter·
1045 3186 1075 3252 D
1115 3175 1303 3259 vitutibus,
1339 3204 1500 3275 eorumque
1534 3177 1770 3273 succefforibus‚
1806 3184 1880 3257 auri

235 3285 303 3372 ris,
338 3284 473 3370 vineis,
508 3285 653 3371 campis,
686 3285 814 3378 pratis,
852 3283 999 3373 pascuis,

228 3381 356 3470 sileris,
376 3377 530 3475 saiebhis,
570 3379 734 3474 arbustis,
760 3383 921 3456 arboribus
943 3405 1000 3482 po-

235 3483 377 3570 miseris,
402 3481 520 3568 divisis
541 3507 636 3579 quarn
661 3536 671 3557 .
697 3537 707 3557 .
735 3537 744 3557 .
771 3539 781 3557 .
806 3486 919 3582 aquis,
945 3477 1020 3558 m}

230 3584 342 3682 pinis,
378 3582 487 3669 usibus
521 3607 676 3682 aquarum
688 3634 700 3667 ,
736 3587 905 3678 fontibus,
931 3589 999 3659 eui-

233 3706 302 3758 tum
328 3684 376 3766 &²
404 3688 580 3777 incultum,
620 3690 727 3760 omnia
761 3685 809 3768 ὠ
834 3715 873 3759 erc
897 3688 998 3759 omni·

233 3790 313 3877 bue,
353 3786 492 3883 qualitor
520 3787 666 3882 superius
691 3789 834 3885 iegitur,
854 3790 903 3875 fic
927 3816 998 3862 con-

234 3885 342 3984 eeffum
369 3889 404 3962 in
433 3886 620 3985 supradicio
654 3890 849 3978 Menalierir
882 3890 1000 3964 Sardi

235 3990 451 4066 Bartholomei
475 3990 648 4086 Apostoli,
684 3991 828 4065 omnihus
862 3994 1001 4090 qualitor

1116 3277 1227 3376 optimi
1270 3279 1387 3352 Libras
1430 3280 1590 3377 triginta.
1630 3286 1700 3353 Nos
1744 3285 1880 3383 denique

1116 3378 1330 3454 Adelbertus
1366 3381 1431 3454 Dei
1469 3382 1681 3472 mdess'cordid
1719 3379 1880 3469 Comes,

1115 3480 1163 3562 ῥ’
1178 3481 1327 3554 Bertillt
1340 3481 1461 3568 Christi
1482 3483 1646 3556 clementii
1664 3480 1882 3580 Comititso,

1116 3579 1302 3655 secundum
1330 3581 1479 3656 nostram
1507 3587 1641 3686 Legem
1664 3586 1882 3664 Rubuariont

1110 3683 1214 3775 faeere
1240 3684 1374 3755 nitimur
1397 3684 1624 3776 defensionem.
1660 3693 1727 3761 Her
1752 3692 1881 3784 omniu,

1116 3811 1174 3883 que
1193 3785 1340 3882 superius
1363 3787 1528 3867 diximus,
1566 3790 1653 3861 omni
1685 3812 1819 3884 tempore
1845 3793 1881 3865 in

1113 3908 1298 3983 perpetuum
1323 3908 1497 3969 maneant,
1533 3886 1581 3967 ψ’
1615 3891 1674 3961 iure
1699 3892 1882 3986 indeficiens

1111 3987 1158 4074 fit
1183 3988 1291 4062 nobis.
1318 3987 1419 4076 Etfi
1442 3990 1564 4087 aliquis
1594 3993 1633 4064 de
1659 3994 1819 4068 heredebus
1844 4024 1881 4070 ac

229 4093 375 4189 superius
399 4089 519 4162 diiium
554 4090 617 4178 eli,
655 4096 770 4164 damus
806 4090 853 4172 (φ
879 4147 889 4168 .
916 4147 926 4168 .
953 4149 998 4169 ..
1045 4090 1073 4160 Ε
1114 4089 1370 4185 proheredibus.
1398 4141 1409 4165 .
1435 4143 1445 4164 .
1472 4145 1482 4165 .
1509 4095 1758 4167 contrarietatem
1784 4097 1880 4169 comi·

234 4197 408 4269 utiiitatem
430 4190 645 4284 prediiborurn
671 4196 920 4278 Monachorum,
963 4218 1000 4267 ut

234 4298 368 4391 poffint,
403 4295 461 4393 qui
488 4293 574 4368 inihi
600 4301 668 4368 Deo
693 4296 835 4369 ordinati
853 4296 999 4389 fuerint,

233 4400 345 4471 vivore
370 4395 545 4478 &cibum
565 4397 687 4490 sumere
713 4399 758 4469 (9·
794 4400 916 4489 albere,
953 4401 1000 4471 ita

234 4520 270 4570 ut
307 4499 432 4592 nasica,
473 4525 603 4597 quorum
635 4500 736 4596 supra
774 4498 899 4572 diihum
928 4501 998 4589 eli,

231 4601 326 4700 poffir
348 4602 423 4674 vito
448 4603 594 4693 concedi,
634 4601 670 4673 in
706 4600 809 4688 nostra
841 4600 889 4689 fit
911 4624 999 4700 pote·

226 4703 315 4795 liare
339 4703 467 4798 regendi
491 4703 536 4773 θ
560 4704 736 4800 agregandi
770 4704 815 4774 θ
840 4756 999 4780 .....

233 4803 446 4897 misericordia
472 4804 535 4876 Dei
568 4806 695 4887 omnia,
736 4804 876 4903 qualiter
903 4807 1000 4903 Jupe·

234 4908 303 4979 rius
330 4905 469 5001 iegitur,
496 4906 531 4974 in
555 4906 665 4977 honore
690 4902 916 4982 Monaehorum
929 4909 998 5002 ser-

236 5009 416 5090 vitreium,
437 5005 485 5089 &¹
501 5005 569 5105 posi
587 5005 724 5094 nostrum
737 5008 877 5103 obitum,
896 5035 998 5107 quon-

1111 4190 1218 4283 serit,
1252 4210 1310 4263 aut
1350 4191 1492 4265 minuare
1526 4197 1707 4285 conarerit,
1747 4198 1802 4267 vei
1827 4198 1881 4267 di-

1110 4290 1230 4380 struere
1254 4294 1309 4365 vei
1332 4293 1476 4390 frangere
1510 4296 1667 4386 voluerit,
1703 4322 1770 4366 cum
1813 4301 1881 4369 Dee

1116 4393 1197 4465 vivo
1223 4394 1268 4465 Θ
1293 4421 1368 4466 vero
1392 4415 1529 4468 eternam
1554 4396 1673 4467 haveat
1699 4397 1880 4471 altercatio-

1117 4521 1207 4578 nem,
1235 4496 1279 4566 (θ’
1303 4523 1372 4569 cum
1396 4497 1539 4592 Angelis
1564 4494 1612 4576 dy
1638 4498 1878 4597 archangelis,

1117 4597 1161 4667 Θ
1195 4623 1263 4669 cum
1297 4595 1383 4668 omni
1415 4597 1536 4669 militia
1576 4599 1729 4687 celestium
1763 4607 1878 4678 renuat

1115 4698 1267 4783 rationern
1293 4697 1328 4770 in
1352 4697 1407 4769 die
1422 4703 1453 4790 J
1455 4699 1573 4773 udieii.

1166 4799 1293 4876 Atium
1319 4801 1353 4872 in
1379 4799 1465 4873 biba
1501 4802 1574 4873 Vico
1607 4805 1786 4902 Panigair,
1822 4813 1879 4882 In·

1267 4899 1407 4976 diiiiune
1424 4902 1616 4995 supradibla
1640 4914 1757 4981 Nona.

1152 5107 1185 5170 G
1212 5127 1234 5200 g
1263 5126 1287 5173 tt
1749 5106 1824 5182 sc·-
