4216 6014
287 324 380 441 233
568 316 1539 442 Auripuinuunmmt
1717 322 1808 442 ‘2513

228 432 378 537 sciplina
392 438 613 540 receptaest,
631 439 868 516 Matrimonia
883 443 994 518 elan·
1018 451 1066 523 ,A
1109 471 1225 543 peram
1261 441 1410 518 dediiie.
1451 442 1588 518 Addita
1632 443 1689 518 est·
1720 443 1873 519 ridenda·

226 538 359 625 destina
385 543 477 617 inire
505 541 658 642 amplius
682 568 755 615 non
781 545 889 617 licet.
927 549 992 618 Su·
1106 547 1206 646 vulgi
1232 545 1387 637 opinio,
1427 573 1532 645 quam
1560 565 1678 620 tamen
1700 546 1874 635 ¹Iustinia-

227 643 329 721 blatn
353 664 471 720 nutem
498 670 520 719 e
545 643 640 718 vivis
667 669 739 720 uno
764 672 784 718 e
811 642 990 744 Coniugi·
1103 662 1167 720 n'us
1205 647 1377 748 Augustus
1413 649 1577 722 adhibere
1613 644 1652 721 ἃ
1693 643 1764 739 ipse
1790 672 1868 721 non

227 749 312 830 bus,
352 772 531 846 nunquam
573 745 616 818 ab
656 744 820 822 Ecclefiis
847 747 990 822 Latinis
1101 746 1282 824 dubitavit
1319 751 1357 823 in
1400 750 1574 823 Authent.
1601 749 1644 843 de
1686 745 1867 846 Nuptiis.

225 876 347 926 revere
372 846 604 923 interdidium
631 845 702 922 fuit
728 848 833 923 alteri
860 850 903 922 ad
938 847 988 922 se·
1103 876 1226 947 nempe
1253 853 1393 924 animam
1418 851 1530 923 mariti
1553 845 1699 940 defundi
1717 848 1867 941 secundis

225 951 340 1028 cunda
384 968 469 1025 vete
513 946 676 1032 mansne,
725 949 780 1025 uti
805 977 918 1050 neque
945 949 987 1024 nd
1100 955 1236 1044 Nuptiis
1261 952 1455 1040 contristari.
1495 951 1736 1046 Quamobrem
1774 949 1865 1023 lice-

223 1053 354 1142 tettia‚
380 1053 416 1125 dt
442 1053 536 1126 uitta
560 1050 694 1143 etiam,
730 1051 836 1126 modd
873 1070 988 1126 morte
1102 1052 1162 1128 bat
1189 1055 1331 1151 quidem
1358 1054 1449 1128 olim
1471 1054 1543 1142 post
1560 1050 1737 1154 Conjugis
1758 1049 1864 1125 unius

225 1152 429 1230 alterutrius
456 1150 590 1228 sacrum
616 1152 801 1228 vinculum
837 1152 988 1227 solvere·
1098 1152 1170 1229 fata
1197 1155 1370 1256 supediuti
1389 1158 1431 1229 ad
1451 1156 1538 1230 alias
1562 1159 1752 1229 convolare
1779 1156 1861 1228 Nu-

225 1275 305 1332 tut.
341 1258 516 1331 Attamen
558 1253 721 1331 secundas
770 1255 869 1330 hasce
911 1259 988 1330 Nu·
1102 1257 1217 1359 ptius3
1254 1262 1365 1333 rarius
1392 1276 1509 1331 tamen
1546 1254 1584 1330 id
1609 1252 1700 1329 olim
1726 1253 1835 1329 fiebat
1850 1278 1868 1346 ,·

224 1357 342 1461 ptius,
383 1383 497 1458 eoque
531 1383 588 1431 ma
615 1354 794 1431 intentius
821 1358 857 1430 δι
883 1382 989 1457 quar-
1026 1372 1056 1446 B
1100 1360 1205 1456 quim
1233 1359 1356 1434 nostris
1383 1357 1626 1459 temporibus,
1666 1382 1711 1430 ne
1735 1357 1775 1429 in
1802 1354 1865 1429 in·

224 1478 282 1536 tas
307 1457 454 1560 untiqua
479 1384 652 1533 Eccleiae
686 1459 809 1532 Secula
839 1455 989 1560 preesee-
1099 1459 1234 1535 vidiam
1263 1464 1323 1536 vul
1350 1461 1361 1533 i
1390 1459 1542 1535 feminae
1568 1455 1768 1557 praesertim
1806 1455 1867 1530 in·

225 1560 296 1638 tim
322 1588 342 1635 a
368 1561 413 1635 ud
440 1565 616 1649 Graecos,
642 1556 785 1633 moleste
806 1559 988 1650 tulerunt,
1099 1581 1296 1636 currerent.
1361 1562 1438 1658 ujus
1464 1562 1572 1634 etiam
1599 1559 1649 1632 rei
1674 1558 1867 1657 perdurare

225 1587 493 1762 improiarunt,
533 1661 647 1734 immo
685 1661 722 1734 δι
748 1661 989 1763 poenitentiae
1098 1664 1187 1758 apud
1215 1689 1279 1736 nos
1308 1661 1490 1762 vestigium
1517 1658 1609 1734 infra
1635 1656 1874 1732 animuum

226 1764 473 1863 subjecerun13
509 1779 615 1862 etque
650 1760 735 1836 hinc
760 1782 880 1839 ortum
908 1767 990 1836 irre-
1095 1781 1170 1838 tim
1196 1762 1236 1838 in
1264 1761 1515 1838 Diffeetatione
1536 1762 1704 1833 xxxm.
1723 1765 1763 1829 de
1785 1761 1870 1827 Mn-

222 1865 414 1965 gularitatis
438 1863 737 1965 impedimentum
761 1863 806 1939 ad
836 1863 988 1941 Ordines
1097 1865 1207 1955 ribus,
1242 1890 1351 1964 quum
1392 1860 1502 1936 fibilis
1539 1864 1576 1934 δι
1602 1857 1763 1934 diiieriis
1792 1858 1866 1931 Po·

224 1971 368 2044 Secms.
404 1963 551 2041 Scilicet
575 1963 615 2039 in
640 1964 829 2040 libidinem
865 1992 905 2040 ac
931 1966 990 2040 in·
1098 1964 1174 2066 puli
1210 1965 1436 2062 excipiantur
1472 1959 1619 2062 nuptiae
1659 1959 1861 2035 Viduanm

225 2064 499 2169 temperantium
527 2064 673 2169 pronior
699 2066 906 2158 videbatur,
930 2066 991 2144 eui
1097 2093 1180 2144 cum
1207 2067 1357 2166 Viduis,

224 2166 411 2246 nonsatis
436 2186 512 2273 emt
537 2169 646 2250 unico
679 2168 914 2253 matrimonio
947 2196 991 2246 o·
