4216 6014
159 376 163 391 ’
291 312 396 445 sn·

603 322 1015 442 ANTQUH'.
1060 324 1299 413 MEDss
1340 321 1520 413 ΔΕΗ
1761 335 1819 415 6ο

231 443 385 541 pisarum
420 443 496 524 &n
533 445 641 558 Apud
677 441 837 519 Corsicae
866 443 1003 527 incolas
1042 445 1088 519 Αἶ
1112 444 1225 518 rimae
1265 443 1446 519 Civitates
1485 439 1692 527 assumsere,
1801 464 1882 514 non

235 547 337 620 rudes
373 574 414 621 ac
440 547 564 621 efferos
602 545 748 643 1mpiam
776 538 1003 618 consuetudi·

236 671 318 719 nem
347 648 460 722 adhuc
489 648 669 748 perdurare
694 644 878 719 intellexi.
909 649 1003 719 Rur-

235 745 292 820 sus
319 750 428 824 etiam
457 749 537 823 vide
562 746 722 821 eumdem
752 747 895 819 Petrum
926 749 999 820 Da·

233 848 348 925 miani
375 850 539 948 Opuscul.
560 873 620 945 34.
644 850 733 944 Cap.
751 872 789 944 4.
814 846 875 922 ubi
893 845 1001 921 refert

234 949 367 1026 bellum
403 954 436 1024 &
476 952 648 1049 proelium
685 953 780 1024 inter
816 949 1012 1024 Clericum'

233 1051 451 1152 Burgundici
480 1052 617 1152 Regni,
644 1049 683 1126 ἃ
705 1055 914 1140 Potentem,
942 1049 1000 1124 in·

231 1167 287 1225 ter
313 1151 347 1226 se
374 1153 557 1255 litigantes
584 1154 626 1227 de
651 1154 727 1255 jure
750 1154 788 1229 in
810 1149 999 1226 Ecclesiam

232 1253 336 1328 Beati
363 1253 554 1332 Mauritii.
595 1259 646 1329 At
685 1255 724 1329 in
750 1253 825 1354 ipsa
851 1253 972 1328 Gallia
987 1302 998 1336 ,

1111 549 1252 618 tantum
1283 545 1453 627 Nobiles,
1490 541 1545 619 sed
1585 540 1624 617 δι
1650 539 1714 643 ipsi
1739 538 1881 641 Plebeji

1111 649 1155 720 ad
1189 645 1417 747 Magistratus
1452 646 1492 719 in
1519 642 1634 744 patria
1667 642 1726 719 sua
1752 667 1877 743 geren·

1110 747 1196 840 dos,
1223 745 1263 823 ἃ
1289 747 1332 821 ad
1357 745 1626 845 imperandum,
1668 764 1708 820 ut
1743 743 1794 819 ita
1821 741 1878 819 di·

1111 875 1212 941 cam,
1249 847 1329 922 sunt
1363 847 1542 922 adhibiti.
1590 847 1630 920 ld
1657 845 1790 922 sactum
1819 849 1879 920 Se·

1108 953 1189 1023 culo
1236 954 1318 1024 llll.
1361 951 1397 1022 dc
1433 948 1574 1024 uberius
1615 946 1876 1047 subsequenti.

1108 1049 1291 1149 Ejusmodi
1330 1068 1448 1124 autem
1498 1049 1697 1127 Libertatis
1743 1045 1877 1124 benefi-

1108 1153 1189 1244 cio,
1223 1154 1259 1226 &
1296 1149 1515 1250 potiffimirm
1550 1155 1644 1250 quod
1681 1148 1795 1226 Cives
1823 1149 1879 1226 as*

1110 1253 1301 1328 suescerent
1327 1252 1480 1327 consiliis
1508 1277 1712 1351 magnarum
1733 1278 1878 1336 rerum,

233 1355 294 1429 ubi
331 1359 473 1454 gravius
509 1356 619 1432 etiam
644 1358 763 1456 ‘quim
799 1356 839 1429 in
865 1354 971 1430 Italis
988 1403 1000 1436 ,
1048 1352 1077 1424 B
1111 1356 1147 1427 δι
1193 1352 1388 1429 identidem
1432 1351 1620 1452 splendidis
1669 1353 1880 1428 muneribus

231 1457 444 1557 grassabatur
469 1458 554 1533 haec
584 1457 707 1548 pestis,
742 1455 886 1530 circiter
920 1459 1000 1530 An·

230 1583 318 1633 num
355 1559 486 1634 Christi
539 1560 719 1633 Mlllllll.
768 1555 999 1633 adinventum

230 1657 278 1734 est
304 1661 445 1735 tandem
488 1660 634 1760 aliquod
671 1663 856 1761 levamen3
901 1657 999 1734 insli-

232 1761 323 1836 tutis
351 1789 477 1863 nempe
504 1789 565 1863 per
591 1761 703 1837 sacros
730 1760 826 1836 viros
845 1760 1023 1837 induciis.

233 1864 366 1960 ubique
403 1863 600 1946 servandis,
639 1889 729 1961 quae
765 1860 826 1936 sub
853 1862 1000 1938 nomine

232 1970 378 2060 Treguue
413 1964 477 2038 Dei
510 1966 662 2040 celebres
688 1961 826 2039 evasere
861 1965 899 2038 in
927 1963 1000 2038 Hi-

166 2145 168 2149 ,
231 2063 347 2140 sloriis
388 2085 494 2167 utque
533 2065 748 2142 Consiliis.
795 2069 864 2140 Eas
904 2064 1000 2140 hisce

233 2167 350 2242 verbis
395 2167 563 2244 describit
613 2165 845 2269 Lundulphus
884 2165 1001 2242 senior

1113 1454 1365 1633 iungerentur,
1391 1453 1496 1532 facile
1521 1453 1666 1574 quisque
1682 1453 1879 1574 opinetur,

1110 1584 1167 1633 ere
1204 1583 1244 1633 os
1284 1556 1383 1633 fuisse
1424 1575 1508 1632 tunc
1549 1559 1754 1632 Italicorum
1793 1582 1879 1631 ant·

1092 1687 1208 1744 mos,
1253 1662 1289 1733 dt
1324 1658 1518 1735 rusticitate
1558 1656 1686 1758 posits,
1720 1657 1877 1748 induisse

1113 1787 1226 1835 mores
1262 1761 1373 1861 magis
1413 1761 1585 1861 ingenuos
1612 1787 1652 1834 ac
1684 1761 1879 1834 liberales.

1099 1861 1317 1937 'Literarum
1363 1888 1504 1960 quoque
1544 1860 1653 1934 studia
1688 1859 1880 1935 instaurata

1112 1962 1241 2057 idere,
1268 1960 1399 2060 quibus
1437 1963 1660 2061 exploratum
1687 1957 1758 2052 esi,
1797 1959 1877 2036 vim
1924 1991 1927 1996 ·

1111 2064 1218 2141 inesse
1244 2062 1450 2139 traducendi
1478 2063 1640 2138 homines
1675 2064 1717 2138 ad
1748 2061 1875 2140 buma-

1107 2165 1233 2241 nitatis
1258 2163 1400 2241 officia.
1427 2168 1477 2240 Et
1501 2167 1616 2240 multa
1640 2162 1720 2240 sane
1737 2163 1777 2240 in
1798 2189 1875 2241 me·

230 2268 316 2345 Lib.
343 2294 377 2344 2.
402 2274 491 2371 Cap.
520 2293 581 2370 30.
611 2271 742 2346 Histor.
777 2272 899 2345 Τοῦτο
934 2269 999 2344 lv.
1037 2279 1071 2351 (2
1107 2266 1177 2343 lius
1203 2264 1369 2342 conversa
1396 2265 1513 2341 suere.
1553 2254 1630 2340 sed‘
1655 2293 1765 2366 quum
1802 2265 1873 2343 sere

233 2372 315 2448 Rer.
337 2372 567 2449 Italicarum.

231 2474 333 2544 mines
351 2475 458 2565 secure
475 2480 517 2547 ab
534 2477 610 2547 bora
631 2476 738 2570 prima
754 2475 879 2564 jovis,
907 2472 1002 2568 usque
1108 2472 1282 2545 bellorum
1309 2468 1406 2544 furor
1432 2469 1653 2553 incenderit,
1689 2468 1729 2546 ἃ
1761 2473 1872 2546 Guel-

229 2577 277 2643 ad
308 2574 446 2661 primam
486 2577 595 2644 boram
627 2576 695 2644 diei
733 2582 867 2660 Lunae,
907 2573 999 2665 cuju·
1108 2573 1257 2669 phorum
1302 2572 1338 2644 ἀ
1386 2569 1652 2646 Gibellinorum
1693 2572 1873 2651 intestinus

221 2669 371 2767 stumque
393 2674 503 2760 culpae
522 2674 651 2761 forent,
672 2672 734 2762 sua
753 2673 880 2767 negotia
900 2699 998 2769 agen·
1104 2670 1276 2746 fassiones
1314 2698 1362 2746 ex
1402 2675 1499 2746 Orco
1540 2676 1694 2770 Erynnis
1728 2674 1771 2750 ad
1807 2701 1872 2752 not

228 2789 275 2842 ter
298 2791 535 2862 permanerent.
563 2775 611 2843 Er
631 2774 813 2867 quicumque
836 2774 916 2845 hanc
935 2780 998 2844 Le·
1105 2799 1165 2872 pet
1190 2799 1229 2847 ea
1256 2791 1419 2871 tempora
1445 2773 1652 2851 deduxerit:
1681 2775 1774 2852 nibil
1801 2775 1872 2853 mi·

224 2898 298 2970 gem
324 2871 516 2967 effinderer,
548 2873 699 2944 videlieet
725 2880 882 2969 Treguam
909 2875 998 2956 Dei,
1102 2900 1204 2955 rum,
1231 2872 1256 2947 st
1282 2867 1427 2966 feritas,
1454 2875 1478 2948 fi
1507 2877 1681 2953 barbaries
1700 2878 1871 2979 quaedem

1106 2367 1238 2464 semper
1265 2370 1410 2444 Saeculo
1438 2370 1519 2441 llll.
1545 2369 1582 2442 &
1608 2372 1709 2443 lllll.
1727 2367 1872 2445 Italiam

608 2379 778 2471 Quatenus
812 2397 916 2443 omues
943 2372 1000 2444 bo·

229 2975 266 3046 iu
306 2973 403 3046 exilio
441 2981 617 3046 damnatus
641 2996 697 3066 per
723 2974 836 3071 aliqua
861 2995 1000 3073 tempora
1104 3002 1148 3049 eu
1176 2974 1261 3050 miti
1289 2975 1354 3049 hae
1380 2977 1415 3051 δι
1443 3003 1591 3055 amoena
1617 2980 1723 3056 Orbis
1750 3000 1869 3081 parte,

225 3096 358 3174 poenam
382 3076 531 3168 patiatur
548 3097 740 3168 corpoream.
766 3083 821 3150 ,Ar
840 3077 896 3173 qui
914 3103 1000 3150 eam·
1105 3076 1242 3176 prorsus
1268 3078 1412 3152 exulare
1439 3079 1647 3157 nesciverit.
1673 3086 1791 3178 Quale
1813 3081 1869 3158 so·

228 3182 299 3251 dem
319 3178 528 3271 servaverir,'
567 3182 609 3252 ab
643 3183 781 3250 omnium
806 3199 998 3269 peccatorum
1037 3167 1071 3238 D
1105 3196 1157 3252 ret
1183 3177 1226 3251 de
1251 3179 1467 3255 Lombardis
1495 3181 1616 3259 nostris
1639 3183 1757 3257 Sansli
1780 3186 1866 3257 Ber-

228 3281 373 3355 vineusis
414 3282 480 3355 Dei
528 3280 739 3373 misericordius
787 3280 999 3372 absolvatur.

228 3385 306 3454 Has
341 3380 504 3455 inducias
540 3381 639 3454 varia
676 3379 845 3454 Concilia
873 3382 999 3476 proba-

228 3499 337 3567 runt,
383 3482 418 3552 &
478 3478 569 3551 varii
613 3478 832 3566 Pontifices,
872 3506 999 3578 nempe

228 3568 398 3652 Urbanus
428 3581 473 3648 ll.
498 3574 673 3647 Paschalis
701 3580 747 3647 ll.
766 3579 998 3653 Innocentius

229 3679 278 3752 Il.
306 3673 376 3751 &n
407 3673 500 3749 Vide
528 3671 746 3775 potissimum
785 3681 927 3752 Petrum
955 3681 998 3756 dc

227 3775 354 3854 Marcu
382 3778 465 3854 Lib.
489 3803 526 3876 4
555 3773 728 3877 Cap.14.
755 3778 797 3853 de
837 3782 997 3857 Concor·

229 3878 310 3953 dia.
338 3883 419 3956 Hac
445 3879 558 3982 igitur
585 3879 644 3954 vis
670 3907 741 3955 non
769 3874 997 3983 leviter‘pro·

229 3978 386 4082 speSlum
413 3982 460 4056 est
487 3982 637 4075 privatis
664 3983 792 4086 bellis;
820 3982 860 4060 &
879 3985 996 4062 viato-

1104 3279 1204 3354 nardi
1242 3279 1444 3380 judicium,
1481 3285 1558 3384 ejus
1595 3283 1865 3386 Epillola155.

1105 3379 1264 3463 indicat,
1298 3381 1341 3456 ad
1384 3386 1634 3463 Innocentium
1665 3390 1792 3483 Papam
1821 3390 1867 3461 li.

1104 3481 1232 3579 scripta
1272 3483 1416 3559 circiter
1451 3490 1599 3564 Annum
1636 3492 1868 3565 Mcxxxv.

1102 3581 1486 3764 ll..s²13ll.ssss’
1502 3588 1557 3767 si
1574 3591 1758 3769 hiliis
1781 3594 1870 3767 i²¹'

1101 3783 1151 3904 lia
1176 3786 1389 3888 Episcopum
1415 3721 1634 3868 couliituart.³
1667 3714 1870 3888 sisinnius,

1100 3887 1244 3986 inquit,
1280 3896 1549 3971 Lmbardorum,
1590 3895 1635 3964 θ
1674 3894 1867 3990 inquietudo

1100 4015 1231 4081 rorum,
1257 3991 1307 4064 cui
1331 4017 1391 4063 aaa
1416 3991 1458 4080 efl
1483 3999 1593 4066 nora?
1632 4015 1691 4066 aur
1715 3999 1869 4072 eui'ma-

228 4084 326 4160 tibus
368 4108 408 4156 ac
459 4082 651 4180 peregrinis
692 4085 826 4171 tutiora
866 4087 996 4165 itinera
1022 4070 1061 4141 ³E
1096 4092 1150 4187 gis
1177 4096 1273 4190 quim
1293 4093 1412 4166 vobis?
1436 4097 1530 4190 Quid
1551 4116 1703 4192 putamus
1728 4096 1787 4191 effe
1806 4101 1865 4190 sa-

229 4184 353 4263 diebus
380 4182 602 4259 induciarum
631 4201 796 4280 patuere.
823 4191 886 4260 Sed
907 4219 996 4285 quae
1100 4193 1221 4264 siurum
1251 4195 1426 4285 juvenem,
1464 4196 1591 4271 viribus
1629 4201 1762 4296 eorporis
1792 4201 1868 4291 sra-

228 4287 442 4390 subingresl'a
479 4284 557 4361 sunt
598 4283 636 4359 in
677 4281 821 4358 Italiam
857 4287 994 4367 dissidia

226 4388 323 4467 inter
350 4388 590 4467 Sacerdotium
617 4387 652 4459 dc
675 4385 889 4482 Imperium,
916 4417 993 4489 gra·

226 4490 330 4564 viora
356 4493 466 4566 etiam
494 4493 587 4564 mala
614 4487 651 4563 in
672 4487 732 4562 has
752 4486 911 4587 regiones
935 4492 992 4564 in-

225 4608 377 4680 vexere,
412 4593 456 4666 de
491 4592 620 4689 quibus
656 4590 696 4666 in
730 4589 924 4694 praesentia
949 4591 992 4666 fi-

225 4686 393 4762 lendum.

276 4787 470 4862 Successere
508 4787 636 4864 deinde
660 4794 731 4867 alia
765 4811 925 4896 tempora
951 4797 991 4872 in

224 4889 353 4982 Italia,
394 4884 434 4963 &
476 4912 608 4963 novum
648 4893 831 4991 regimen:
879 4925 989 4998 quum

222 5021 353 5102 nempe
379 4989 609 5096 Reipublicae
630 4991 781 5103 sormam
801 5005 990 5106 quamplu-

1100 4293 1206 4376 sium,
1233 4296 1277 4364 Θ
1301 4298 1404 4392 quieti
1427 4300 1520 4370 eremi
1545 4297 1718 4393 assuetum,
1746 4304 1781 4375 in
1800 4309 1866 4374 Po·

1096 4395 1175 4489 pulo
1214 4392 1369 4481 barbaro,
1409 4401 1629 4492 tumultuoso,
1668 4403 1864 4496 procelloso?

1101 4493 1208 4569 Nihil
1236 4497 1352 4572 minus
1380 4503 1485 4599 qubm
1529 4503 1722 4580 barbariem
1748 4508 1865 4581 Lom-

1100 4595 1216 4673 bardis
1244 4600 1389 4699 Popusis
1417 4603 1546 4679 tribuit
1565 4606 1779 4698 Bernardus,
1798 4605 1864 4706 qui

1099 4723 1218 4772 coram
1254 4720 1429 4786 noverat,
1470 4706 1599 4803 quibus
1639 4707 1863 4795 vitiistunc

1098 4797 1299 4878 inficeretur
1311 4804 1436 4878 italica
1455 4807 1577 4883 natio.
1592 4808 1715 4884 Tanto
1726 4809 1863 4886 ausiori

1098 4904 1266 4999 majorem
1307 4905 1413 4981 fidem
1433 4984 1436 4991 ,
1453 4908 1688 4986 adhibendam
1716 4910 1862 5010 quisque

1097 5000 1269 5094 fateatur,
1308 5009 1416 5110 quint
1441 5008 1597 5102 Iohanni
1630 5013 1863 5187 Sarisbefirieu-

1798 5161 1812 5206 9
