4216 6014
290 293 443 450 ψ’
601 329 970 425 orssrrrrrro
1005 329 1511 424 arorsrrrxrrnm:
1730 306 1815 455 „r
1921 407 1926 420 .

231 449 384 548 dulphus
409 445 527 527 senior
551 448 590 525 in
625 454 782 528 Historia
817 455 998 528 Mediola·
1029 455 1067 528 A
1106 476 1251 526 corum.
1279 455 1397 527 immo
1422 449 1496 549 ipse
1521 449 1675 530 Tacitus
1699 452 1876 556 ejusmodi

1109 551 1326 627 Inimicitias
1351 555 1415 628 suo
1439 580 1581 655 quoque
1604 572 1766 658 tempore
1784 559 1875 659 apud

1108 658 1306 729 Germanos
1350 654 1501 755 riguisse
1547 678 1669 755 aperte
1709 658 1875 738 indicat.

1111 759 1238 870 Neque
1278 759 1363 830 verb
1389 781 1454 856 pro
1489 756 1710 855 quibuslibet
1731 761 1875 837 damnis

231 552 327 627 nensr
352 552 499 630 circiter
525 557 672 628 Annum
701 559 895 631 Mtxxx.
915 554 999 630 leri·

232 673 315 756 pta.
341 658 391 730 Et
416 681 460 730 ue
487 655 613 731 Franci
632 657 777 754 quidem
796 654 883 755 ipsr,
908 660 999 732 Ger-

233 781 421 832 manorum
447 783 584 877 genus,
623 756 657 831 se
700 756 781 831 vini
813 757 932 834 osores
959 784 998 832 ac

232 856 345 934 hostes
365 859 567 978 prodidere.
589 857 723 934 Statuit
740 856 896 934 Carolus
916 863 999 934 Ma-

234 985 323 1061 gnus
362 987 402 1036 an
437 959 733 1060 capitularibus,
760 959 933 1061 fimulque
959 961 998 1035 in

233 1065 333 1162 Lege
365 1087 430 1158 42.
467 1062 562 1137 inter
596 1063 915 1163 Langobardicas,
963 1085 999 1136 nr

224 1165 362 1255 Indices
382 1161 492 1257 jejuni
515 1161 634 1260 eauffirs
657 1165 835 1264 audient,
872 1166 921 1237 0·
944 1169 997 1237 di·
1037 1182 1040 1187 '

227 1263 429 1357 sumerem.
469 1268 518 1340 Et
542 1290 757 1364 quamquam
786 1265 847 1340 sub
874 1265 999 1366 primis

1110 875 1173 932 aut
1198 857 1342 955 1njuriis
1364 855 1481 932 illatis
1508 859 1562 957 jus
1587 861 1716 933 Far'dae
1750 861 1878 940 decur-

1110 960 1234 1041 rebat,
1264 978 1346 1056 puta
1374 986 1437 1059 pro
1465 958 1698 1063 vulneribus;
1724 989 1807 1038 nana
1834 965 1877 1041 in

1110 1065 1209 1162 Lege
1243 1086 1305 1157 45.
1341 1065 1376 1135 δε
1412 1085 1474 1159 74.
1516 1060 1714 1145 Rotharis,
1739 1091 1805 1164 pro
1827 1064 1878 1140 iis

1109 1160 1254 1261 quidem
1281 1163 1441 1264 exigitur
1475 1167 1610 1249 multa,
1648 1162 1706 1239 sed
1744 1163 1879 1262 effante

1111 1265 1241 1338 faida,
1269 1269 1323 1339 lta
1350 1269 1385 1339 δε
1412 1265 1452 1340 in
1478 1266 1562 1341 aliis
1577 1263 1796 1365 quibusdam
1815 1293 1877 1342 ca-

232 1365 421 1440 Germanis
442 1366 615 1468 ,Augustis
640 1368 831 1468 compressa
854 1368 998 1466 quidem
1034 1359 1063 1433 B
1109 1363 1200 1439 sibus
1226 1364 1425 1443 inimicitia
1451 1365 1705 1453 interdicitur,
1738 1367 1796 1444 uti
1835 1368 1875 1443 in

234 1466 402 1542 nonnihil
427 1465 536 1544 suerit
562 1466 677 1544 nimia
701 1467 741 1543 in
768 1473 907 1569 Populo
927 1472 998 1543 Ita·

233 1566 309 1644 lico
333 1568 577 1668 improborum
599 1567 725 1645 vesana
743 1569 916 1672 licentia3
944 1587 996 1644 at·

232 1684 352 1746 tamen
379 1673 495 1746 multa
532 1670 646 1746 adhuc
686 1670 779 1747 uitia
817 1698 859 1748 ea
884 1689 999 1747 actare

233 1774 349 1871 palam
385 1798 426 1846 ac
461 1773 607 1873 impune
646 1791 859 1874 regnarunt,
884 1771 999 1847 immo

231 1873 343 1946 etiam
368 1892 581 1948 creverunt.
608 1872 768 1948 simonia
795 1873 997 1974 praesertim

232 1969 273 2048 δε
299 1972 566 2050 incontinentia
589 1972 630 2049 in
656 1971 793 2076 Cleco3
834 1975 873 2050 in
911 1974 997 2053 Lai·

233 2074 285 2149 c'is
311 2094 429 2149 autern
457 2077 580 2177 rapina
605 2074 781 2150 sacrorum
802 2076 998 2159 bonorum,
1029 2142 1031 2146 ,

232 2202 423 2278 pauperum
450 2178 486 2252 δε
514 2176 777 2295 peregrinorum
802 2177 998 2278 oppreffio,

1111 1464 1213 1540 caede
1240 1467 1410 1542 latronis.
1448 1472 1523 1543 Reo
1549 1469 1600 1545 sas
1624 1491 1703 1547 erat
1727 1469 1877 1571 pecuaris

1109 1565 1208 1642 laesis
1239 1569 1362 1642 oblati
1398 1567 1544 1643 Faidam
1588 1571 1793 1674 redimere3
1836 1573 1875 1646 δε

1110 1668 1285 1768 plerisque
1328 1669 1487 1770 accipere
1535 1669 1685 1747 dedecus
1723 1671 1877 1747 minime

1112 1770 1316 1847 videbatur.
1350 1772 1459 1867 Quod
1492 1771 1526 1859 fi
1559 1773 1633 1870 quis
1665 1795 1727 1872 prr
1764 1775 1877 1848 faida

1110 1872 1245 1962 pretium
1271 1873 1401 1970 recipere
1425 1872 1591 1968 noluiffer,
1617 1892 1726 1958 runc,
1751 1894 1794 1950 ut
1813 1876 1877 1952 ha-

1110 1974 1194 2047 bent
1229 1978 1343 2075 Leges
1387 1975 1610 2076 Langobard.
1648 2001 1705 2075 ¹9·
1736 1978 1775 2052 dc
1814 2001 1875 2056 20.

1110 2075 1233 2150 Caroli
1260 2077 1386 2176 Magni
1423 2074 1464 2152 δε
1493 2100 1552 2152 21.
1578 2077 1761 2154 Ludouici
1794 2080 1876 2172 Pii,

1111 2179 1187 2251 Rex
1213 2175 1477 2265 intercedebat,
1505 2205 1549 2255 ne
1574 2205 1630 2253 res
1654 2179 1695 2254 in
1719 2180 1876 2258 deterius

232 2274 274 2352 δε
321 2277 444 2352 ferales
491 2293 712 2370 privatorum
756 2278 998 2356 inimicitiae.
1034 2280 1067 2355 C
1110 2295 1274 2353 ruerent:
1307 2279 1402 2379 quod
1429 2279 1525 2354 idem
1552 2279 1743 2380 praestabat
1771 2281 1878 2357 erin.

234 2379 421 2455 Ditmarus
448 2379 530 2456 Lib.
545 2403 581 2479 7.
602 2381 734 2456 Hislor.
754 2383 886 2454 Maleae
897 2383 998 2476 sane,

230 2479 381 2580 inquit,
406 2484 619 2578 prohdolor!
656 2482 692 2553 in
718 2485 881 2557 Romania
905 2505 1000 2581 atque
1029 2504 1033 2557 ζ

232 2585 270 2654 in
310 2583 539 2681 langobardia
575 2580 738 2670 infidiae.
777 2583 915 2658 Canssis
941 2589 1000 2658 bne

229 2684 479 2758 aduenientibus
505 2684 621 2780 exigna
642 2707 735 2783 patet
758 2687 896 2761 caritas.
922 2695 999 2758 Orn-

233 2811 292 2867 ne,
326 2789 413 2883 qaod
448 2785 498 2858 ibi
535 2787 671 2885 hospites
695 2787 849 2886 exigant,
882 2791 1002 2862 venale

231 2886 301 2975 efl:
339 2884 387 2968 (θ’
411 2890 467 2960 hoe
490 2915 561 2961 enm
583 2890 658 2961 doio
672 2914 690 2960 .·
728 2891 883 2986 meritique
915 2891 1000 2960 roai-

232 3007 304 3062 ωε
326 2991 394 3063 cibo
415 3010 564 3087 pereunt.
605 2990 667 3064 Ad
707 2989 793 3064 haec
828 2991 866 3063 in
894 2991 999 3065 Italia

230 3087 296 3164 diu
324 3090 527 3187 perduravit
560 3091 606 3165 ab
639 3089 895 3190 antiquissumis
921 3096 1001 3166 Sae-

1109 2405 1213 2479 ceps,
1238 2380 1300 2455 ubi
1328 2398 1450 2456 contra
1475 2408 1555 2457 reus
1574 2403 1636 2480 pro
1667 2385 1781 2457 faida
1799 2405 1878 2481 pre·

1109 2480 1191 2552 riam
1230 2483 1357 2575 solvere
1405 2482 1607 2559 recusasset.
1654 2486 1704 2558 Et
1737 2483 1779 2559 in
1803 2484 1878 2562 suis

1110 2580 1252 2679 quidem
1277 2581 1437 2686 Legibus
1472 2584 1681 2662 Ludovicus
1720 2585 1805 2661 Pius
1837 2591 1877 2662 δε

1111 2682 1303 2759 Lotharius
1341 2693 1383 2758 de
1425 2686 1546 2759 Faidis
1581 2687 1765 2782 pagandis,
1803 2685 1877 2765 srve

1108 2787 1289 2876 pacandis,
1314 2788 1350 2859 dc
1376 2791 1418 2857 de
1442 2786 1562 2860 Faidis
1588 2791 1764 2861 evincendis
1788 2788 1878 2865 soli·

1110 2884 1203 2958 ciros
1228 2885 1378 2982 cupiunt
1404 2886 1636 2986 Reipublicae
1671 2889 1877 2970 Ministros.

1160 2988 1296 3059 verum
1332 2987 1458 3062 Seculo
1495 2991 1539 3062 X.
1563 2985 1606 3062 dc
1633 2990 1698 3061 lll.
1720 2996 1767 3064 eb
1793 3018 1878 3090 pro·

1111 3086 1281 3161 cesserunt
1316 3086 1408 3162 uitia
1441 3113 1484 3161 ac
1511 3086 1688 3188 ejusmodi
1715 3089 1879 3188 privato·

232 3190 324 3266 culis
360 3191 523 3268 invectus
557 3190 699 3267 insanus
733 3191 813 3268 usus
849 3174 1001 3273 Faidae,
1038 3191 1072 3260 D
1110 3212 1188 3260 rum
1214 3188 1329 3270 bella,
1353 3187 1663 3287 depraedationes,
1687 3185 1730 3264 δε
1754 3189 1879 3267 fimus-

232 3290 304 3366 lroc
338 3292 386 3365 esi
421 3294 507 3365 belli
544 3291 701 3388 privati,
742 3291 814 3365 fine
838 3290 999 3364 inimici-

232 3390 331 3483 tiae,
367 3417 477 3491 quam
523 3389 711 3490 fingulares
754 3389 920 3491 personae
959 3418 1001 3469 ac

232 3491 394 3567 familiae
421 3491 577 3567 invicem
604 3492 836 3579 exercebant,
860 3519 903 3568 ac
922 3521 1000 3594 per·

228 3591 450 3670 ›tinacislime
475 3593 647 3670 fovebant
706 3599 802 3674 Nam
837 3593 1002 3695 siquan-

233 3695 281 3769 do
305 3696 458 3799 alicujus
483 3697 605 3772 caedes
622 3696 828 3790 accidebat,
853 3714 915 3773 aut
937 3697 1001 3772 do·

233 3799 273 3872 lo
299 3800 403 3874 malo.
420 3800 589 3897 cuiquam
624 3801 727 3875 aedes
763 3799 1001 3876 incendeban-

234 3918 314 3984 tur,
339 3920 404 3975 aut
428 3927 536 4002 grave
564 3902 730 4001 probrum
756 3899 999 4003 inferebatur3

1111 3305 1226 3371 tates,
1266 3308 1308 3363 ut
1341 3288 1426 3365 inde
1466 3290 1630 3367 universa
1665 3289 1879 3390 Respublica

1113 3391 1215 3489 plane
1252 3387 1364 3466 suerit
1401 3392 1628 3491 perturbata.
1665 3394 1880 3494 Augebatur

1110 3489 1221 3564 etiam
1261 3493 1447 3568 calamitas
1490 3519 1555 3594 per
1592 3493 1769 3586 Nobiles,
1812 3496 1881 3596 qui

1109 3588 1276 3669 Casiellis
1308 3592 1537 3672 dominantes
1579 3595 1680 3695 saepe
1713 3594 1880 3674 adversus

1111 3692 1253 3770 ricinos
1288 3693 1507 3773 inimicitias
1542 3699 1713 3783 alebant,
1752 3725 1796 3774 ac
1820 3718 1880 3796 ty·

1112 3796 1296 3872 ranoidem
1335 3796 1516 3873 interdum
1553 3796 1664 3875 extra'
1683 3798 1763 3875 suos
1790 3799 1879 3894 fines

1112 3896 1320 3997 protendere
1333 3915 1544 3994 coeperunt.
1562 3903 1691 3999 Neque
1711 3900 1754 3974 ad
1776 3928 1880 3978 aver·

232 4016 321 4077 tunc
357 4028 432 4075 non
468 4021 609 4076 tantum
646 4005 813 4098 Princeps
851 4028 1001 4102 poenam
1113 3997 1218 4072 tenda
1242 4013 1302 4069 tor
1327 4001 1420 4073 mala
1447 3998 1532 4076 satis
1563 4019 1642 4076 erat
1676 4000 1811 4079 virium
1837 4002 1878 4083 δι

236 4102 401 4179 criminis
426 4101 620 4202 exigebat,
653 4100 842 4199 quaesere
868 4102 1003 4200 semper
1040 4097 1072 4168 E
1111 4095 1339 4174 ausioritatis
1376 4100 1620 4200 Principibus.
1656 4104 1771 4179 Hasce
1805 4106 1880 4180 ini·

234 4205 327 4327 apud
363 4207 521 4324 Populos
554 4204 869 4293 Septemtrionales
895 4228 1001 4293 pecu·

234 4306 447 4484 liliis}
455 4301 662 4510 ’edidi
676 4303 1002 4482 pusillulis:

235 4509 369 4584 dislam
408 4509 509 4625 inde·
527 4509 639 4631 armis
680 4507 1002 4631 prosequebantur,

235 4609 1003 4834 suessan:,salulutare

236 5016 380 5094 :ionicis
398 5013 437 5097 δι
453 5012 720 5116 capitularibus
739 5021 877 5119 Regum
891 5021 1004 5092 Fran·
1027 5081 1036 5103 ,

1113 4196 1272 4274 micitias
1317 4201 1445 4277 eodem
1488 4209 1616 4280 Seculo
1649 4204 1785 4279 Chrisli
1813 4209 1878 4282 XI.

1113 4298 1330 4377 describebat
1355 4307 1481 4382 Petrus
1518 4304 1687 4380 Damiani
1722 4304 1806 4381 Lib.
1838 4331 1877 4402 4.

1113 4400 1260 4503 Epistol
1299 4428 1359 4504 17.
1384 4405 1433 4481 iis
1473 4406 1610 4481 uerbis:
1654 4407 1714 4479 Ver
1744 4407 1879 4503 quinam

1109 4507 1316 4604 potentiorem
1349 4508 1390 4602 se
1425 4507 1582 4580 bominem
1623 4508 1808 4601 interfecit,
1854 4512 1880 4584 α’

1112 4606 1203 4701 enjus
1238 4609 1339 4681 etiarn
1361 4604 1468 4700 silio,
1505 4635 1589 4682 rnrre
1620 4611 1771 4704 Saeeuli,
1812 4639 1877 4685 non

1112 4711 1255 4806 legibus
1277 4710 1483 4807 Evangelii,
1506 4713 1627 4786 nauseas
1645 4714 1798 4786 desinerem
1810 4741 1879 4786 nro·

1110 4811 1221 4896 seliiar
1241 4813 1397 4910 pertersit.
1421 4814 1558 4887 Paterni
1576 4814 1698 4907 seilicet
1714 4818 1800 4888 ariter
1822 4817 1878 4887 in·

1111 4914 1228 4986 terirrir
1260 4912 1311 4995 (γ’
1345 4915 1466 5013 {stages
1488 4919 1664 4992 anhelabat
1691 4918 1876 4997 bominum,

1113 5010 1165 5096 ῤ’
1183 5015 1398 5111 frequentiam
1420 5021 1601 5113 reportabat
1624 5018 1794 5090 manubias
1819 5041 1874 5086 ra·

1769 5113 1825 5214 pi.
