4216 6014
294 342 381 446 467
596 324 1009 450 ANTIQUIT.
1061 324 1302 418 MEDII
1341 323 1521 417 ARV!

1731 337 1821 447 ‘4⁶8

237 467 383 522 currunt
423 446 670 528 adhibentium
712 449 800 522 hanc
842 460 997 545 Legem:
1024 448 1072 522 'A
1104 446 1205 520 niurn
1235 475 1255 521 a
1281 473 1366 522 vero
1391 444 1597 535 disceffitte‚
1621 469 1730 546 quum
1759 453 1882 528 Boni-

230 570 428 627 nccurrunt
454 570 595 631 tamen.
634 556 688 627 Ac
715 547 914 648 praesertim
943 549 1000 621 in·

235 667 291 726 ter
320 658 471 732 Nobiles
502 655 665 749 Dynastas
690 676 734 722 ex
758 650 924 748 Ripuaria
945 676 999 722 re·
1053 650 1057 658 ’

234 755 344 856 gione
372 761 409 834 in
441 761 577 829 italiam
606 754 795 826 translatos
823 774 997 822 memora-

234 873 294 933 tus
335 861 403 934 fuit
442 857 632 953 Ughellio,
670 850 925 934 Florentinro,
960 855 995 924 δι

235 961 329 1034 mihi
365 982 503 1055 quoquc
542 956 641 1054 supra
679 957 715 1026 in
745 953 997 1027 Differtatione

237 1064 300 1132 Vi.
328 1066 369 1129 de
394 1056 657 1139 Manebianibus,
685 1057 872 1146 Bonisacius
901 1061 996 1128 Mae-

235 1160 303 1231 cbio
326 1155 420 1245 filius
446 1158 580 1231 Albensi
607 1161 763 1241 Comitis,
798 1159 856 1252 qui
878 1158 997 1248 prosel-

227 1258 284 1352 sus
306 1260 349 1345 eli
371 1267 482 1356 Legem
496 1263 608 1330 vivere
626 1259 873 1332 attuariorum.
892 1263 999 1357 Hunc

1106 546 1236 623 facium
1274 552 1433 626 eumdem
1471 549 1575 623 nobis
1613 549 1758 624 obtrufit
1795 579 1881 652 ger-

1109 676 1250 725 manum
1272 651 1414 725 fratrem
1430 650 1565 723 laudati
1587 651 1755 752 Hugonis
1773 657 1880 729 Mar-

1110 751 1279 854 chionis3
1317 752 1448 851 quippe
1475 755 1586 853 Hugo
1622 753 1780 829 Huberti
1816 780 1883 829 na·

1108 853 1209 929 tione
1248 854 1357 929 Salici
1393 849 1491 927 filius
1528 853 1633 954 fuit3
1673 854 1883 933 Bonifatius

1107 975 1224 1027 aurem
1254 954 1398 1029 Alberti
1426 952 1496 1027 five
1518 957 1734 1047 ndelbern,
1760 956 1884 1032 natio·

1108 1080 1151 1128 ne
1189 1055 1381 1129 Ribuarii.
1420 1059 1500 1154 Age
1536 1065 1656 1148 veru,
1696 1059 1776 1156 quis
1815 1059 1884 1135 iste

1107 1155 1263 1228 Athenas
1290 1155 1347 1230 scu
1374 1161 1571 1229 Aderimus
1598 1163 1706 1229 Comes
1746 1159 1879 1243 fuerit.

1108 1257 1348 1354 inquiramus.
1364 1261 1423 1330 Est
1438 1257 1527 1332 mihi
1543 1262 1746 1357 exemplum
1759 1261 1877 1333 Char-

233 1364 347 1436 Anno
373 1358 505 1434 Christi
533 1361 628 1436 ΜΠ.
664 1362 701 1434 in
730 1358 881 1434 Tusciae
907 1361 999 1454 regi·
1041 1370 1070 1441 Β
1110 1376 1166 1431 tae
1193 1361 1240 1432 ob
1261 1359 1464 1433 vetustatem
1493 1359 1658 1440 attritae,
1685 1386 1790 1458 quam
1811 1364 1876 1450 Jo-

235 1461 334 1535 mine
363 1459 547 1536 succcffiffe
577 1463 725 1562 Hugoni
749 1466 881 1561 Magno
901 1465 998 1534 Mar-

235 1562 358 1636 chioni
387 1563 554 1662 opinatus
581 1564 628 1638 est
656 1559 862 1637 Cardinalis
893 1564 1000 1635 Baro·

209 1665 316 1738 ,nius
352 1666 390 1737 in
427 1666 597 1738 Annalib.
635 1663 900 1740 Ecclesiasticis.
936 1665 1001 1737 Sed

235 1767 291 1840 uti
328 1765 366 1838 in
393 1767 512 1838 eiiam
556 1765 806 1840 Differtatione
841 1765 1033 1887 animad·'

234 1866 354 1948 uerti,
391 1865 460 1939 stne
497 1869 607 1942 bonis
625 1868 758 1942 tabulis
796 1866 999 1942 Bonifacius

235 1969 382 2046 Alberti
409 1967 507 2043 filius
541 1969 706 2044 Etruriae
742 1970 909 2044 Marchio
945 1995 1000 2044 re-

236 2089 381 2174 putatus
406 2069 473 2145 est:
513 2091 719 2172 certumque
754 2099 855 2164 reor,
890 2074 1001 2147 Baro-

1111 1457 1193 1557 seph
1221 1465 1385 1535 Antenor
1412 1463 1644 1536 Scalabrinius
1672 1462 1874 1536 Ferraricn·

1111 1559 1177 1651 srs,
1211 1563 1468 1662 antiquitatum
1496 1561 1751 1638 studiosissimus
1779 1562 1874 1636 scru-

1096 1674 1231 1755 tator,
1267 1665 1305 1738 in
1333 1666 1530 1740 Tabularro
1560 1664 1771 1741 'Monaiierii
1801 1665 1872 1735 Bu·

1111 1766 1284 1839 nouicnsrs
1304 1765 1423 1841 Sanffl
1442 1768 1610 1865 Stephani
1631 1767 1745 1839 uidit.
1772 1768 1875 1858 Qua·

1111 1864 1308 1964 liscumquc
1335 1864 1402 1947 stt,
1438 1867 1545 1966 digna
1572 1866 1651 1938 sane
1677 1866 1752 1953 est,
1787 1875 1879 1960 quae

1111 1968 1268 2043 tenebris
1294 1965 1487 2066 eripiatur.

283 2291 465 2384 Donatio
494 2319 686 2382 terrarum
722 2293 964 2382 Monasterio
994 2291 1226 2380 Sauiiorurn
1259 2289 1556 2379 Bartholomaei
1588 2294 1626 2375 ἃ
1659 2286 1828 2400 SavIni,

384 2414 460 2501 fito
488 2412 530 2498 iu
561 2443 656 2527 agro
687 2416 946 2515 Bononiensi,
977 2411 1068 2498 vico
1100 2410 1353 2518 Muffiliano,
1395 2407 1496 2496 tacta
1526 2415 1577 2496 ab
1609 2409 1734 2495 Adel·

498 2533 611 2617 berto
642 2533 835 2640 Cornice,
865 2537 902 2614 &
934 2529 1099 2616 Bertilla
1130 2530 1339 2616 Comitifla
1369 2528 1628 2643 conjugibus,

775 2657 924 2758 Anno,
955 2672 998 2734 ut
1029 2647 1209 2757 videtur,
1237 2657 1341 2755 981.

287 2886 327 2957 N
347 2879 558 2956 nominem.
586 2883 728 2956 intrante
740 2883 916 2982 Augusta.
941 2892 1010 2956 Re·
1036 2883 1079 2956 'C
1119 2881 1189 2956 fuit
1210 2881 1362 2973 gloriosa
1381 2882 1595 2972 Comitiss'a,
1623 2879 1670 2958 &¹
1693 2903 1751 2978 pra
1772 2885 1888 2958 Doru-

309 3004 431 3077 gnante
444 3037 454 3057 .
465 3037 475 3058 .
487 3038 518 3058 ..
545 2989 771 3076 Imperatore..
787 3039 819 3059 ..
856 2985 1011 3059 indidia-

240 3113 280 3159 ne
307 3090 373 3161 ul!
371 3139 466 3160 .....
502 3093 736 3177 Annu'p.·..
763 3087 934 3181 Augustus
959 3085 1010 3177 fi·

239 3189 307 3260 lius
341 3194 436 3263 Dono
474 3189 602 3260 Ofiunis
636 3191 859 3285 Imperatoris,
890 3190 1011 3282 scilicet

239 3297 344 3364 Anno
372 3291 502 3381 Imperii
528 3289 681 3382 eius...
711 3295 896 3366 Comes&
926 3294 1010 3367 Ber-

239 3393 323 3463 tilla
351 3393 415 3461 Dei
440 3392 652 3481 misericordid
685 3388 904 3476 Comitiffa.
931 3398 1012 3468 hant

241 3487 463 3560 tradidionem
489 3490 537 3568 (a
556 3492 764 3581 conceffiunem
783 3497 939 3564 concedere
958 3496 1011 3564 di-

237 3587 407 3686 gnemini,
434 3609 471 3657 ut
497 3593 674 3661 Deus....
701 3589 736 3657 in
764 3597 863 3676 nasim
889 3600 1011 3667 Mana-

1121 3012 1167 3057 no
1195 2987 1402 3067 Tcobaldo,
1430 2984 1492 3082 qui
1520 2983 1589 3057 fuit
1618 2987 1700 3058 Dux
1722 2982 1760 3060 δι
1785 2989 1887 3059 Mar·

1121 3087 1224 3167 chio,
1252 3088 1411 3188 genitore
1434 3089 1467 3160 ἃ
1489 3084 1663 3183 genitrice
1689 3087 1798 3160 meis:
1821 3086 1888 3172 fic·

1121 3217 1178 3283 que
1194 3212 1251 3284 pro
1268 3191 1437 3262 animabus
1455 3190 1498 3259 (9
1519 3186 1700 3262 Bonifatii
1720 3190 1764 3261 θ
1781 3189 1885 3262 wat-

1122 3290 1208 3365 frcdi
1245 3291 1292 3372 &¹
1329 3289 1517 3365 Adelberti
1553 3288 1713 3364 filiorum
1749 3288 1883 3364 nostro·

1122 3419 1231 3484 rum,
1265 3414 1323 3485 pra
1356 3389 1526 3465 animabus
1559 3395 1699 3464 omnium
1737 3394 1884 3466 beredune

1122 3495 1311 3581 nostrornm.
1341 3496 1404 3566 Hie
1428 3520 1504 3566 vera
1526 3493 1762 3590 prelentialiter
1785 3493 1887 3589 elegi-

1122 3622 1190 3666 mus
1216 3595 1263 3675 &
1289 3597 1480 3667 concedimus
1514 3617 1609 3692 atque
1634 3595 1669 3665 irs
1692 3592 1777 3665 uitta
1786 3644 1880 3665 .....

237 3688 360 3779 sterio,
394 3687 452 3783 qui
476 3686 520 3773 esi
545 3689 580 3759 in
606 3691 748 3760 bonorem
776 3691 894 3763 dandi
923 3701 1010 3766 Bar·
1122 3699 1186 3768 Dei
1212 3700 1377 3769 uoluntate
1402 3698 1447 3769 Θ
1471 3703 1511 3768 de
1540 3702 1629 3770 rebus
1662 3720 1740 3792 quas
1770 3692 1880 3790 predi-

243 3789 390 3864 tboimnei
407 3788 577 3886 Apostoli,
601 3787 649 3872 &⁴
668 3792 755 3863 beati
773 3795 895 3867 savini
915 3801 1011 3869 Mar·
1036 3789 1086 3860 {D
1123 3797 1393 3887 domnamaria
1419 3799 1608 3871 concedimus
1642 3798 1677 3869 is
1712 3798 1800 3867 nuile
1825 3796 1884 3867 ba·

243 3891 320 3965 titis
329 3943 445 3967 ......
478 3894 646 3990 genitricis
684 3897 820 3979 Maria,
857 3899 900 3970 &
926 3902 1013 3972 beati
1124 3901 1207 3970 mine
1234 3929 1287 3973 nec
1306 3908 1443 3974 vendere
1462 3928 1514 3973 nee
1531 3902 1647 3973 donare
1665 3925 1719 3969 nec
1737 3921 1883 3996 appa...

243 3990 413 4079 Ambrosii
451 3994 664 4092 confessoris,
692 3996 739 4076 &¹
765 4001 900 4074 aliarum
925 4008 1011 4074 San·
1125 4029 1258 4077 nec....
1286 4007 1594 4078 Monacbarum....
1628 4003 1888 4076 concedimus...
1995 4080 2001 4085 ,

244 4093 391 4188 damn,
431 4100 514 4189 quod
553 4123 606 4168 nos
641 4099 746 4187 facere
785 4105 927 4194 cupimus
968 4109 1011 4177 Θ

244 4196 360 4272 obnixe
386 4196 626 4287 defideramus,
663 4200 708 4269 ad
732 4203 906 4275 utilitatem
933 4213 1011 4278 Mu·
1118 4210 1202 4294 liras
1244 4212 1359 4279 Vincas
1394 4210 1475 4281 circa
1515 4207 1618 4304 ipsum
1657 4206 1887 4296 Manalieriuns

246 4302 414 4377 racharum
435 4299 643 4394 servientium
668 4300 789 4385 Christi
813 4306 866 4373 die
892 4309 936 4376 (p
954 4335 1011 4378 na-
1126 4311 1168 4377 &
1194 4311 1372 4380 oratorium
1408 4313 1442 4382 in
1477 4336 1538 4406 qus
1566 4332 1670 4383 artum
1702 4330 1759 4406 pru
1792 4306 1888 4380 nicti-

244 4402 296 4475 aa
306 4457 401 4481 .....
423 4405 587 4496 [almodus
613 4401 806 4493 referendum
832 4411 899 4477 Dea
923 4435 1007 4480 crea·
1077 4484 1084 4493 ,
1124 4411 1208 4492 bus,
1231 4412 1425 4506 pistrinum,
1453 4414 1497 4482 (9¹
1521 4415 1679 4507 coquina,
1714 4409 1764 4493 Θ
1789 4433 1891 4484 “⁸0¹6

244 4504 309 4571 tari
333 4507 434 4594 nostra
458 4528 516 4603 pra
541 4505 652 4596 nastris
674 4507 836 4605 peccatis,
872 4512 913 4580 ab
938 4517 1009 4583 'ara-
1125 4535 1183 4606 que
1208 4508 1373 4604 necessaria
1395 4515 1502 4607 lunt:
1530 4513 1616 4608 finis
1642 4521 1683 4587 de
1710 4510 1889 4611 suprascri-

243 4597 331 4673 tisne
355 4632 418 4676 nan
444 4611 615 4681 recedenter
624 4662 716 4685 .....
743 4606 791 4693 ῥ’
815 4611 937 4708 semper
961 4611 1038 4710 &t
1121 4611 1190 4708 ptis
1214 4615 1346 4698 vineis,
1382 4643 1460 4711 quas
1485 4619 1706 4707 concedimus,
1740 4612 1799 4712 effe
1832 4613 1891 4687 vi·

243 4701 364 4795 affidue
389 4729 535 4790 exurent,
562 4732 599 4780 us
618 4714 683 4782 Dei
701 4713 920 4812 omnipotentis
944 4738 1008 4784 me·
1050 4698 1081 4771 E
1124 4715 1243 4797 detur,
1269 4715 1312 4788 ab
1337 4743 1400 4787 uno
1424 4722 1523 4792 latere
1549 4720 1680 4793 Lavino
1691 4771 1784 4793 .....
1810 4716 1889 4810 juta

179 4827 181 4831 ‘
244 4803 350 4879 delam
375 4805 421 4874 Θ
447 4813 583 4900 requiem
613 4810 838 4904 sempiternam
873 4814 907 4885 in
939 4837 1007 4885 tre·
1035 4803 1040 4870 i
1126 4817 1160 4886 in
1187 4819 1356 4891 domnicata
1380 4824 1507 4895 (9....
1535 4845 1619 4896 terra
1648 4824 1802 4902 avim...
1839 4816 1888 4898 ὅ)

244 4909 356 4983 mendo
379 4906 434 4979 dit
458 4907 593 4999 Judicii
626 4909 762 5002 misereri
794 4918 945 5012 dignetur
969 4947 1006 4990 a·
1031 4905 1038 5059 Ι
1126 4942 1240 4992 arat..
1257 4975 1287 4993 ..
1315 4923 1349 4990 in
1377 4924 1444 5014 ipsa
1465 4926 1569 5016 sunda
1594 4925 1800 5011 Massiliam,
1825 4945 1887 5016 W

245 5013 391 5089 animabus
412 5031 472 5111 pra
497 5014 638 5086 Dumna
676 5015 902 5113 Gualdrada,
937 5045 1007 5120 que
1125 5019 1211 5097 recta
1237 5025 1280 5094 (t
1304 5021 1537 5106 taboram...
1562 5059 1631 5108 cnm
1648 5030 1739 5124 filiis
1763 5026 1807 5095 ti*
1833 5023 1888 5116 fi·

1727 5135 1833 5216 liebus

1125 4103 1190 4200 ipio
1216 4105 1411 4195 monasterio
1432 4105 1506 4201 jure
1530 4104 1802 4201 proprietario...
1829 4128 1888 4175 na·
