4216 6014
214 286 218 295 ’
303 256 383 432 139
570 319 1007 436 Auernum.
1052 321 1301 412 Mnnrr
1342 256 1536 415 A'trr

235 436 269 524 ed
294 456 452 523 terreum:
485 433 534 516 (y
558 439 687 531 plenem
716 437 999 532 jurisdiHionem,

233 532 381 608 horrorem
404 540 553 634 plenum,
581 540 625 610 (9·
648 539 853 626 dislrillum:
877 540 999 632 seilicet

238 637 402 717 Fedrum,
444 642 633 721 Placitum,
674 646 825 729 Banna,
860 642 999 714 Errori-

234 761 326 827 eum,
354 740 554 830 Eleaticum,
581 740 721 826 Tonsos,
747 746 906 840 norges,
931 751 999 816 Cn·

232 839 331 935 sios,
370 841 564 939 Pisantiones
576 891 589 925 ,
631 844 843 928 Verturiones,
882 847 998 921 tr'lorr

1725 361 1745 420 Ι
1777 364 1810 421 0
1896 410 1901 417 .

1107 469 1235 524 omnes,
1264 440 1314 523 ὅν
1339 468 1440 519 ceretu
1459 444 1624 538 plenarie,
1658 470 1737 542 quoe
1749 363 1883 539 4perti·

1109 564 1184 615 nent
1209 547 1255 615 orl
1277 549 1420 617 bennum
1444 545 1713 634 miseridiam.
1742 550 1880 623 lustru·

1111 664 1270 720 mentum
1298 645 1366 720 hnc
1391 648 1472 721 luce
1497 674 1569 723 non
1595 647 1783 749 indignum
1810 651 1890 725 de*

1109 744 1213 841 eerpfi
1244 774 1289 821 ex
1316 747 1466 846 antiquo
1501 747 1647 851 Repello
1681 752 1880 852 Reipubli-

1077 841 1085 935 Ι
1107 873 1168 924 cae
1192 845 1461 925 Cremonensis.

235 1078 450 1163 Decretum
483 1074 625 1189 Legati
656 1076 874 1192 Imperialis
905 1079 947 1167 in
976 1081 1261 1187 controversia,
1288 1110 1411 1195 qnam
1440 1083 1562 1168 habet
1587 1079 1804 1168 fridericus
1837 1086 1875 1171 t.

290 1201 511 1311 Imperator
539 1224 630 1280 cunr
662 1199 934 1285 Cretnenlrbus
963 1199 1012 1283 de
1044 1197 1172 1283 Insula
1202 1197 1414 1307 Fulcherii,
1442 1230 1494 1287 an
1524 1202 1571 1287 lit
1599 1202 1648 1286 de
1679 1208 1810 1314 Rega-
1899 1274 1904 1281 .

421 1312 524 1402 libus
554 1312 825 1434 Imperatoris,
853 1321 893 1402 δι
912 1316 964 1403 ab
992 1313 1075 1436 ipln
1103 1316 1360 1433 poffideatur,
1388 1324 1512 1407 Anno
1546 1324 1673 1405 1188.

338 1566 413 1634 Nno
440 1563 605 1640 Dominiee
639 1568 872 1642 lneernetionis
904 1572 997 1640 Mc-
1038 1560 1070 1632 Β
1109 1563 1227 1636 tenuit
1254 1563 1432 1637 Dominus
1463 1568 1661 1661 Imperator
1692 1587 1754 1658 pet
1788 1560 1876 1637 suot

363 1671 582 1741 LXXXVIII.
627 1669 806 1741 Inlillinne
845 1674 901 1742 VI.
941 1670 997 1740 die

220 1771 346 1860 sonis,
383 1773 479 1841 XIII.
514 1769 568 1841 die
601 1771 727 1855 Menfis
759 1769 922 1850 Olledris,
959 1768 995 1840 in

228 1868 376 1942 Ciuitate
415 1875 549 1960 Laude,
586 1871 621 1942 in
654 1871 787 1944 Palatio
819 1870 994 1967 Episcopi.

228 1970 424 2059 Gualsredus
441 1978 482 2040 de
501 1970 679 2043 Turrieella
693 1972 735 2043 de
760 1972 888 2062 Papio,
912 1974 993 2044 Ae-

228 2090 359 2143 uoretus
386 2069 420 2139 in
445 2071 504 2142 hae
528 2071 622 2158 eausa
651 2093 710 2169 pro
734 2071 871 2147 Domino
894 2072 992 2145 Guil-

228 2171 335 2245 lielmo
358 2170 545 2268 tritiquenfis
563 2177 757 2262 Admeto,
783 2181 904 2272 Legat·
923 2180 991 2247 Do-

226 2270 309 2344 mini
342 2273 563 2369 Imperatoris,
598 2273 648 2355 ὐ·
675 2275 859 2374 spetialiter
880 2275 926 2351 ab
958 2304 994 2348 ee

228 2375 394 2459 eonslieuto
421 2382 620 2450 Proeurutere
643 2384 689 2449 ee
714 2379 838 2469 eausam
861 2381 902 2451 de
934 2382 993 2450 ln·

220 2475 297 2569 sula
325 2477 510 2563 Foltberii,
545 2502 643 2573 quam
667 2479 825 2550 Dominus
852 2484 991 2569 Impere-
1029 2461 1062 2533 C

227 2595 276 2645 tor
300 2576 396 2649 babet
419 2604 487 2647 eum
506 2577 742 2662 cremensibus,
766 2579 905 2670 prediHo
922 2584 992 2651 Do-

226 2675 313 2775 mino
337 2675 525 2746 Guillielmo
549 2679 579 2746 ei
603 2679 790 2773 precipiente
815 2679 900 2751 talia
916 2706 992 2750 ver-

224 2775 266 2849 bo
291 2774 479 2864 proposuit,
503 2774 700 2865 presentibus
719 2776 896 2868 judicibus
923 2786 990 2853 Cu-

227 2874 295 2955 eie,
322 2875 473 2946 videlieet
497 2880 579 2969 Syro
603 2879 840 2961 Sallimbenus,
868 2885 929 2951 teo
952 2884 991 2955 de

226 2981 399 3066 Terdorro,
425 2984 538 3048 ottone
562 2980 782 3063 certioretis,
817 2982 992 3070 constitutis

225 3079 274 3151 ed
298 3078 381 3151 hene
405 3078 528 3165 rausum
539 3128 550 3162 ,
585 3080 716 3152 disens:
749 3078 879 3157 Credit
915 3087 992 3157 Do·

224 3176 346 3253 minus
366 3178 575 3270 Guielmus,
600 3183 635 3255 dt
657 3209 779 3260 uerum
799 3183 868 3274 est,
894 3183 990 3285 quod

225 3282 344 3357 Inlula
381 3280 561 3357 Pulcherii
597 3310 677 3357 sum
713 3284 879 3361 omnibus
920 3284 989 3361 suis

226 3382 453 3481 pertinentiis
487 3381 534 3455 eh
570 3384 739 3479 Regalia.
767 3390 816 3459 Et
849 3387 989 3469 credit,
1030 3381 1065 3450 D

225 3481 321 3577 quod
357 3479 429 3577 post
462 3480 716 3556 destrullinuen
753 3482 886 3557 Creme
913 3489 988 3557 Do-

226 3580 345 3652 minus
391 3582 587 3676 Imperator
626 3579 751 3654 habuit
791 3580 833 3656 &
871 3583 989 3657 tenuit

228 3704 309 3753 eum
352 3676 419 3751 hoc
454 3677 604 3761 ordine,
646 3679 807 3754 habendo
847 3684 987 3776 plenam

227 3776 986 3960 IIIIIIIIIIJ‘,XIIII-XIIII

229 3907 455 4064 Torlinuiir,
492 3934 695 4071 Palatium,
731 3941 862 4078 hllnna,
899 3936 988 4061 vals

230 4083 393 4172 lianum,
422 4085 641 4183 Bagnolunr,
668 4089 820 4163 Clerum
851 4109 986 4165 utrum·

227 4214 320 4284 que,
350 4186 576 4272 Placianum,
603 4184 701 4260 salvo
727 4188 801 4283 jure
824 4191 988 4265 Lauden-

1109 1662 1270 1737 Nuntios
1296 1665 1522 1736 medietatem
1551 1664 1664 1735 totius
1691 1662 1803 1752 vini,
1833 1664 1877 1736 ἀ

1106 1762 1278 1838 detersis
1304 1763 1470 1837 Militum
1498 1767 1701 1861 Quartum3
1737 1762 1780 1834 de
1806 1788 1876 1835 ee-

1106 1863 1191 1938 teris
1218 1869 1302 1939 vero
1334 1863 1523 1939 Tertium:
1561 1864 1595 1936 δι
1633 1863 1771 1959 plenam
1809 1862 1875 1960 ju-

1107 1964 1377 2049 rildillinnem,
1416 1964 1586 2038 honorem
1627 1965 1794 2060 plenum,
1828 1965 1871 2036 de

1105 2066 1321 2141 distrillum:
1359 2065 1496 2140 scilicet
1532 2063 1684 2138 Fodrum
1699 2111 1711 2145 ‚
1748 2062 1871 2138 Placi-

1104 2188 1205 2259 tum,
1232 2170 1375 2258 Banna,
1394 2165 1598 2256 Erbaticum
1609 2214 1622 2247 ‚
1640 2163 1869 2257 Eleaticum,

1104 2266 1259 2358 Tenios,
1299 2269 1471 2368 Malgas,
1505 2265 1655 2349 Cacias,
1691 2263 1869 2339 Pisantin-

1103 2395 1187 2461 nes,
1223 2369 1463 2460 Venatinnes,
1499 2367 1614 2442 Silvas
1648 2391 1793 2456 omues,
1825 2366 1869 2441 dt

1104 2489 1218 2545 cetera
1262 2470 1450 2565 plenarie,
1494 2495 1563 2571 que
1603 2468 1781 2563 pertinent
1818 2467 1869 2543 ad

1103 2572 1273 2647 honorem
1296 2569 1337 2646 ἃ
1355 2570 1569 2645 distrillum.
1596 2574 1644 2642 Et
1669 2568 1775 2643 hodie
1800 2567 1867 2649 hu·

1104 2674 1164 2747 bet
1189 2671 1228 2747 ἃ
1256 2671 1402 2772 pnffidet
1438 2670 1617 2771 predilha.
1652 2669 1750 2765 Quia
1776 2678 1866 2746 vero

1104 2774 1280 2848 Dominus
1318 2778 1511 2872 Imperator
1536 2799 1608 2846 nnn
1636 2773 1715 2845 vult
1749 2769 1865 2846 lacere

1103 2872 1870 3069 {sith„fiss‘z‘zlllshltttttht

1103 3076 1214 3153 lacere
1240 3079 1416 3152 rationem
1442 3075 1706 3162 Cremensrbus,
1732 3072 1757 3145 fi
1783 3076 1866 3148 vel-

1102 3181 1178 3256 lent
1202 3178 1338 3260 dicere,
1366 3177 1398 3251 se
1424 3176 1549 3250 habete
1570 3172 1711 3274 aliquod
1736 3173 1790 3270 jus
1817 3174 1864 3255 in

1102 3279 1269 3382 predidlis
1295 3279 1404 3353 locis.
1434 3280 1520 3373 Ipsos
1545 3304 1661 3374 quoque
1683 3274 1868 3366 cestrenses

1100 3384 1241 3472 persaeus
1268 3382 1424 3453 Dominus
1448 3380 1653 3451 Guillielmus
1687 3376 1869 3472 interroga-

1101 3485 1155 3553 vit
1175 3483 1236 3573 sub
1252 3482 1385 3576 presentis
1402 3479 1601 3571 Judicibus‚
1622 3477 1789 3562 livellent
1808 3477 1868 3547 di-

1101 3607 1191 3663 eere‚
1220 3583 1256 3674 se
1282 3583 1393 3652 babere
1418 3582 1547 3677 aliquod
1570 3579 1624 3673 sut
1651 3580 1687 3649 in
1708 3576 1865 3675 predillis

1101 3681 1198 3754 loeis.
1234 3683 1305 3776 Qui
1329 3684 1528 3771 cremenses,
1560 3681 1670 3754 bolino
1704 3678 1865 3770 concilio,

1101 3782 1288 3854 dilationem
1301 3822 1307 3844 ι
1315 3783 1413 3880 super
1447 3785 1501 3856 boe
1531 3783 1714 3881 petierunt,
1742 3779 1865 3872 serlioet

1100 3883 1193 3975 eausa
1226 3884 1373 3979 rapiendi
1404 3885 1567 3967 eonsilium
1599 3913 1667 3956 eum
1695 3879 1864 3978 Sapienti·

1101 3981 1161 4056 bus
1185 3991 1281 4057 Terre
1299 3986 1383 4077 sue,
1417 3984 1467 4066 (γ’
1490 4015 1560 4058 eum
1582 3987 1683 4057 Sotiis
1701 3984 1799 4078 suis,
1827 3980 1888 4073 fi

1099 4088 1223 4157 uellent
1246 4088 1398 4160 rationem
1429 4088 1605 4185 pullulare,
1639 4090 1696 4158 uel
1728 4083 1865 4179 aliquod

1097 4185 1153 4278 ius
1175 4188 1276 4287 dicere
1303 4191 1341 4282 se
1373 4193 1485 4263 dolere
1518 4193 1553 4262 in
1585 4186 1739 4285 predillis
1765 4184 1866 4259 loeis.

228 4292 337 4369 tum.
363 4286 459 4384 quod
486 4285 615 4359 habent
639 4286 677 4360 in
703 4288 891 4371 Plariano,
916 4294 987 4365 Ca·
1028 4308 1057 4378 Ε
1100 4291 1242 4363 Nomine
1265 4292 1502 4379 Cremensium,
1534 4293 1593 4386 qui
1615 4309 1770 4361 venerant
1799 4308 1865 4382 pru

226 4393 469 4566 ppepnaneg'a,
510 4387 701 4563 chldallad
743 4392 988 4565 Rovorgum,

229 4516 675 4676 th‘j‘IIIInnIe?
695 4515 865 4673 IIIa,
890 4519 990 4668 [II

232 4690 418 4770 brianum,
436 4690 581 4765 §aulius
598 4694 830 4776 Laurentius,
848 4699 883 4767 dt
903 4699 989 4768 San·

228 4791 307 4867 ilus
334 4789 514 4870 Andreas,
547 4794 583 4863 ἀ
612 4812 728 4866 totum
764 4796 858 4876 hoc,
893 4795 988 4879 nuod

225 4894 273 4970 est
300 4909 399 4967 extra
425 4889 588 4964 foffatum
609 4889 877 4968 &suburbium
897 4894 988 4972 Cre-

226 5021 310 5074 me.
345 4996 388 5071 ln
423 4991 483 5071 his
507 5012 626 5069 autem
661 4994 754 5072 locis
787 4996 913 5074 habuit
947 4995 1015 5073 ἃ.

1099 4397 1266 4462 Communi
1290 4399 1387 4462 Terre
1413 4394 1472 4486 sue
1505 4393 1578 4478 sune
1601 4391 1681 4461 beer
1714 4387 1867 4477 Bonoso·
1924 4404 1928 4409 '

1100 4493 1169 4563 rius
1199 4499 1241 4563 de
1278 4495 1435 4582 Sabiona,
1475 4501 1617 4581 Boreo,
1655 4483 1867 4576 Bonussenion

1099 4594 1249 4677 Consules
1281 4600 1421 4683 Creme,
1464 4594 1622 4666 Dominus
1659 4596 1834 4676 Benzonus
1847 4636 1866 4673 ,
1898 4614 1904 4625 ·

1099 4695 1278 4764 Gulielmius
1316 4702 1484 4772 Gerontis.
1524 4691 1695 4765 Alberieus
1724 4694 1757 4783 J
1757 4704 1865 4783 uetere,

1099 4802 1174 4864 Otto
1198 4798 1432 4890 Gamdemeea.
1467 4795 1538 4891 Qui
1561 4819 1667 4863 omnes
1689 4797 1868 4864 ordinante·

1100 4916 1175 4968 runt
1199 4922 1268 4967 eum
1296 4895 1370 4991 sepe
1393 4895 1478 4966 dille
1518 4896 1651 4968 Domino
1675 4894 1867 4984 Gulielm,

1101 4999 1146 5070 0·
1168 5024 1238 5071 eunt
1262 4997 1438 5091 judicibus
1461 4999 1581 5090 Curio,
1614 4999 1659 5070 ael
1692 4994 1865 5183 splenium

1730 5113 1807 5167 atu·
