4216 6014
312 361 404 447 tot

622 325 991 421 DttstRTATto'
1039 259 1529 419 ororrrmmmmr:
1751 337 1833 447 39⁸

253 448 424 547 antiquit·
439 445 613 524 Saeculis.
644 453 697 522 lta
723 452 902 524 Comitatus
922 456 1021 528 Mott-
1051 456 1106 530 rA‘
1135 444 1272 526 Morio,
1298 452 1391 518 Corte
1407 449 1540 520 Corneio
1563 473 1632 520 enm
1652 447 1791 536 Etolesto
1808 459 1897 526 Son·

254 552 456 635 tomitanos,
484 578 577 626 nuno
605 552 796 643 Monseliee,
839 554 1020 652 Oppidum

256 653 424 727 Patavini
466 656 566 755 agri,
609 652 699 725 mihi
740 655 947 729 occurrebat
982 654 1020 729 in

1134 545 1180 618 oli
1206 547 1375 629 Martini,
1400 554 1494 620 Corte
1527 549 1718 642 casentino,
1743 553 1897 624 Cortieei·

1134 649 1168 718 lo
1193 674 1280 738 ono,
1306 649 1363 744 qui
1386 672 1519 720 vorator
1541 654 1654 735 Satri,
1695 660 1788 726 Corte
1811 656 1895 727 Pin·

250 748 393 833 Charta
422 760 529 828 Anno
566 756 911 831 Decccxxvffl,
938 754 1022 830 scri.
1128 748 1261 845 leingno
1286 776 1354 820 ouon
1379 751 1473 822 Cella
1498 749 1614 824 Sancti
1631 757 1781 848 ,Apolloli
1802 780 1896 854 prope
1992 766 1996 771 ’

249 875 339 954 pta,
379 881 484 952 quam
526 860 563 929 io
600 857 792 931 Charrorio
821 856 882 931 suo
909 856 1021 931 adier-
1125 849 1239 945 fluvio
1263 851 1381 926 selice.
1418 848 1503 926 siste
1533 878 1627 932 nunc
1653 854 1721 929 tibi
1749 880 1830 932 ante
1856 885 1898 932 o·

256 977 344 1031 eant
370 956 534 1032 Veneriis
560 955 796 1032 nobiliffimae
822 957 1022 1033 Sonilimo·

256 1060 368 1132 nialee
417 1055 599 1136 Coenobii
642 1058 761 1134 sanem
804 1060 994 1135 Zachariae
1010 1112 1027 1159 .ι

256 1158 420 1256 Ejusdem
461 1187 602 1260 quoque
656 1161 875 1236 mentionem
917 1162 1021 1236 habes

256 1259 295 1334 in
324 1263 543 1360 Diplomatir
572 1264 722 1337 Henrici
750 1262 779 1336 1.
806 1260 845 1341 δι
880 1259 1022 1339 Conra-

1134 953 1233 1026 culos
1268 951 1412 1028 ltaliam
1449 953 1624 1055 Magini,
1664 973 1725 1029 aut
1764 959 1898 1038 Ortelii

1135 1054 1356 1154 Theatrum3
1400 1074 1505 1154 atque
1542 1056 1592 1131 ibi
1621 1054 1793 1133 Chartam
1821 1065 1899 1135 To·

1136 1155 1386 1256 pograplticam
1423 1158 1574 1234 Tusciae
1614 1158 1785 1235 scrutare.
1825 1166 1898 1238 Oc-

1134 1274 1253 1329 curret
1286 1259 1381 1333 inter
1406 1259 1615 1343 Arretium,
1653 1262 1899 1355 Florentiam,

205 1361 293 1435 di
328 1361 359 1438 Ι.
397 1364 657 1463 Augustorum,
698 1390 786 1463 quae
829 1363 1022 1464 Ughellius
1066 1387 1094 1458 g
1135 1358 1284 1440 Senam,
1310 1360 1540 1444 Volaterras,
1575 1364 1610 1437 ἃ
1639 1362 1760 1447 Pisas,
1788 1365 1897 1442 Vicus

254 1461 369 1538 edidit
394 1464 523 1541 Italiae
548 1470 672 1540 Sacrae
698 1469 807 1539 Tom.
834 1469 880 1538 V.
909 1468 945 1540 in
973 1469 1023 1541 E-

256 1561 388 1666 piscop.
416 1560 643 1643 Veronenfib.
679 1569 799 1642 Plures
833 1568 898 1641 olii
927 1566 1020 1642 irmi-

254 1666 306 1740 les
331 1669 538 1745 Comitatus
564 1669 752 1746 evolventi
778 1687 912 1744 veteres
945 1696 1022 1766 per·

256 1792 419 1866 gemenas
447 1769 516 1845 sese
554 1773 726 1855 offerent,
762 1777 853 1845 unde
888 1770 1022 1846 nobili·

260 1885 333 1939 tata
360 1870 450 1942 olim
479 1875 555 1943 loca
584 1872 699 1952 luere,
726 1898 815 1969 quae
842 1897 935 1945 nune
961 1893 1023 1947 aut

258 1966 412 2067 ignobili
440 1969 580 2047 fortuni
608 1969 835 2071 premuntur,
861 1990 923 2046 aut
942 1999 1024 2073 pro-

257 2067 359 2142 strato
390 2071 529 2168 penitus
556 2074 695 2174 jacent.
736 2072 802 2147 Sed
844 2071 1023 2151 intereos

257 2169 478 2271 potissumum
506 2202 525 2248 a
547 2201 602 2249 me
625 2174 738 2272 poscit
756 2174 936 2247 Comitatus
953 2184 1023 2255 Ln-

1117 1461 1320 1533 ·Lucardns.
1344 1464 1451 1536 Hunc
1479 1463 1732 1564 antiquiffimis
1765 1468 1898 1542 Seculie

1137 1560 1230 1634 inter
1255 1560 1396 1660 Oppida
1422 1586 1692 1665 computorum,
1717 1569 1898 1645 eumdem-

1135 1686 1204 1758 que
1229 1663 1317 1744 elie,
1344 1663 1406 1762 qui
1425 1661 1634 1741 Comitatus
1654 1668 1787 1743 honore
1806 1666 1898 1746 irue-

1137 1761 1265 1844 batur,
1301 1765 1486 1864 agnoscere
1520 1767 1702 1868 cogimur,
1744 1795 1789 1844 ex
1816 1772 1899 1845 reli-

1135 1864 1216 1962 quis
1252 1866 1342 1940 locis
1368 1865 1407 1939 in
1443 1867 1684 1967 antiquiffima
1718 1897 1760 1945 ea
1785 1896 1900 1946 mem·
2039 1962 2046 1974 ο

1136 1966 1242 2042 brana
1277 1969 1483 2045 memoratis
1530 1997 1572 2045 ac
1617 1972 1898 2072 circumpositis.

1136 2067 1264 2142 Adhuc
1290 2069 1385 2143 enim
1414 2068 1727 2174 fitopographicas
1747 2073 1898 2150 Chartae

1135 2167 1372 2260 consulimus,
1399 2171 1437 2247 in
1465 2173 1619 2248 circuitu
1645 2176 1797 2276 ejusdem
1825 2177 1899 2253 loci

256 2277 388 2357 tardus,
427 2295 467 2348 ut
504 2276 676 2373 eripiatur
702 2302 722 2351 e
748 2275 902 2353 tenebris
927 2278 1021 2353 obli·
1063 2301 1094 2372 c
1133 2269 1315 2345 intuemur
1341 2279 1559 2371 Pemgnam,
1586 2278 1786 2374 Pvgibonzie
1813 2276 1899 2355 idest

256 2372 400 2449 rionis.
443 2375 569 2450 eofitis
597 2377 803 2478 pignoribus
831 2379 1021 2455 contende-

256 2501 352 2560 rem,
393 2478 512 2574 paucio
548 2479 586 2552 in
624 2501 778 2552 mentem
807 2499 1021 2567 venturum,

256 2575 337 2676 quis
364 2575 402 2651 ἃ
431 2579 491 2652 ubi
519 2580 607 2652 olim
636 2579 743 2655 fuerit
771 2581 895 2656 locus:
924 2583 1021 2658 exci-

250 2676 433 2753 ditemm
462 2708 482 2754 a
508 2683 632 2755 multia
659 2684 793 2757 Seculte
830 2684 930 2760 illiue
966 2684 1021 2760 di·

252 2778 393 2877 gnitat.
430 2783 494 2855 sed
535 2809 625 2882 quoe
660 2784 794 2860 Charta
829 2783 929 2862 illius
956 2813 1021 2860 no·

253 2903 363 2964 men,
408 2882 529 2958 eodem
572 2911 712 2985 quoque
753 2888 787 2958 ἃ
816 2885 890 2979 ejus
920 2885 1020 2962 lutum

250 2981 346 3056 mihi
383 2983 582 3061 indicavit.
621 2993 724 3063 Hanc
758 3014 802 3061 ex
832 2992 1021 3065 Nonantu·

253 3080 329 3157 lani
365 3081 548 3165 Coenobii
577 3089 741 3163 Archiou
773 3087 1021 3191 depromtam,

1134 2373 1271 2445 Podium
1297 2373 1432 2454 Boniti,
1460 2375 1554 2474 quod
1582 2375 1676 2452 idem
1705 2397 1791 2479 puto
1818 2405 1898 2454 cum

1134 2477 1249 2546 Monte
1274 2474 1388 2545 Boniti
1414 2473 1454 2548 in
1481 2499 1688 2576 pergamena
1709 2481 1898 2563 adnotato,

1135 2581 1250 2646 Monte
1274 2575 1484 2668 Domenicbi,
1522 2583 1592 2650 San
1620 2587 1767 2663 Donato,
1793 2590 1899 2656 Senta

1134 2676 1278 2767 Maria,
1305 2677 1450 2760 Melete,
1488 2683 1557 2751 Son
1592 2685 1723 2772 Pietro,
1761 2685 1831 2757 θα.
1858 2699 1899 2761 ut

1134 2778 1206 2852 alia
1243 2779 1324 2853 loca
1365 2797 1601 2876 praeteream,
1641 2809 1730 2882 quae
1766 2783 1900 2863 eruditi

1136 2876 1337 2952 florentini
1362 2876 1503 2954 facilius
1531 2883 1704 2982 colligent
1731 2903 1837 2984 atque
1863 2912 1901 2961 a·

1136 2977 1429 3052 nimadvertent.
1484 2980 1648 3057 Profeiio
1700 3011 1809 3087 quum
1858 2986 1898 3060 in

1136 3080 1339 3153 membrana
1396 3105 1668 3159 commemorare
1735 3084 1897 3160 vidiliem
1998 3173 1999 3176 Ἴ

163 3189 166 3194 ’
254 3180 493 3284 scriptamque
542 3212 624 3265 anre
679 3194 825 3263 Annum
885 3188 1023 3267 Christi
1067 3207 1097 3274 1)
1135 3178 1286 3254 Cuttem
1332 3181 1531 3272 casentino,
1576 3184 1755 3286 regionem
1797 3187 1899 3262 illam

251 3284 618 3384 Oilingenteitnturn,
647 3291 778 3365 Leitor
804 3290 957 3389 accipiet
984 3290 1021 3364 in

252 3385 437 3461 -Dtiiertat,
462 3391 617 3464 LXVII.
643 3401 684 3460 de
724 3392 832 3462 Medis
858 3392 1022 3486 acquiren-

251 3481 417 3565 di,‘&t.
459 3491 565 3563 Nunc
606 3491 742 3570 novilie
767 3488 941 3574 sufficiat,
969 3495 1020 3566 ibi
1070 3498 1073 3504 ’

251 3608 272 3658 a
299 3588 434 3661 Cotolo
461 3593 598 3693 Magno
623 3592 819 3668 enumerari
848 3595 883 3663 ie
913 3593 1020 3665 Comi-

251 3705 325 3757 tatu
353 3695 496 3764 Locordo
535 3704 627 3766 Corte
653 3698 756 3778 nolite
787 3691 906 3767 senili
933 3696 1022 3764 Petri

210 3842 213 3845 -
252 3787 288 3858 in
329 3794 500 3876 Mercato,
547 3797 598 3882 [eo
644 3803 739 3869 Corte
780 3795 1022 3882 nostroMonte

252 3890 380 3973 Calvo,
414 3893 462 3973 &¹
484 3901 594 3967 -Corte
622 3902 806 3988 Campano,
847 3901 894 3968 Ο·
927 3904 1021 3969 Corte

251 3994 469 4085 Peerou'ano,.
483 4001 579 4070 Plebe
605 4000 721 4071 saeui
731 3996 901 4072 'L'eonatdi
911 4053 922 4089 ‚
940 4005 1020 4070 Cor·

250 4193 369 4269 Monte
394 4199 529 4292 Boniti,
571 4199 619 4279 (γ’
659 4200 776 4273 sanni
804 4198 912 4286 Petri,
953 4200 1042 4272 eum'

252 4298 345 4368 Certe
371 4302 527 4396 Qintolo
542 4331 563 4392 ,·
589 4303 634 4373 θ
653 4301 752 4394 jueta
771 4303 881 4395 ,fluvio
907 4302 1019 4391 Gofin·

252 4395 326 4481 tia,
350 4404 442 4474 Corte
469 4405 654 4495 Dominici,
694 4407 739 4474 (9·
763 4404 880 4477 sanos·
907 4411 1019 4477 Dono·

249 4494 308 4588 ti,
345 4509 438 4575 Corte
464 4508 618 4599 Decimo,
659 4506 758 4577 Plelo
783 4505 903 4578 saneto
927 4508 1018 4578 Ceci-

251 4595 320 4687 iie‚
358 4611 450 4678 Corte
473 4610 607 4691 Ponite,
656 4610 752 4680 Piebe
792 4605 911 4681 saone
941 4614 1018 4680 Ma-

251 4695 348 4791 rito,
381 4711 474 4778 Corte
515 4712 678 4794 Meleto,
705 4717 798 4782 Certe
833 4711 1017 4798 Monooile,

251 4800 463 4902 rudungo,
501 4817 646 4906 Quarto,
686 4813 782 4884 Plebe
815 4811 930 4884 saone·
957 4819 1018 4881 Pe-

250 4902 299 4976 tn·
310 4952 323 4986 ,
350 4904 536 4982 Babaeiona
562 4940 629 4984 eum
654 4915 788 5009 Capella
812 4911 929 4985 sanni
957 4921 1016 4984 Pe-

249 5004 324 5098 tei,
350 5013 476 5080 cortem
502 5014 607 5108 Sepi,
633 5040 701 5085 oum
726 5014 866 5100 Eoolefia
891 5016 1016 5091 Soniia

1135 3281 1284 3356 indicari
1313 3279 1528 3379 inspicabar,
1569 3309 1659 3382 qnae
1699 3286 1812 3361 adhuc
1838 3285 1899 3362 sul>

1079 3456 1085 3463 ,
1134 3381 1253 3455 eadem
1295 3381 1533 3478 appellatione
1559 3385 1687 3462 Tuscis
1719 3386 1900 3464 notilsrrna

1134 3483 1205 3556 est.
1247 3484 1380 3554 Verum
1421 3484 1520 3558 nulla
1560 3486 1602 3560 in
1626 3516 1671 3562 eo
1696 3488 1811 3565 troiiu
1837 3515 1898 3564 oco

1132 3602 1278 3659 currunt
1303 3610 1324 3657 e
1350 3582 1439 3657 locis
1465 3585 1504 3658 in
1534 3588 1645 3662 veteri
1672 3587 1810 3666 Charta
1838 3590 1900 3666 de·

1134 3683 1299 3785 scriptis:
1344 3682 1385 3760 ἃ
1411 3686 1552 3783 quando
1579 3695 1743 3764 Lutatius
1778 3692 1900 3778 vicus,

1133 3784 1189 3860 seu
1216 3786 1376 3863 Castrum
1405 3786 1571 3886 superest,
1599 3791 1662 3866 vix
1682 3792 1771 3868 alibi
1790 3822 1899 3895 quae·

1134 3888 1259 3964 readue
1301 3889 1444 3963 videtur
1483 3892 1664 3964 Comitatus
1710 3901 1899 3975 cocardus.

1134 3989 1270 4082 Senenfi
1298 3988 1394 4106 Urbi
1420 3988 1511 4065 olim
1538 3994 1687 4096 exiguus
1707 4023 1796 4111 ager
1813 4025 1898 4073 con·

248 4110 281 4164 te
306 4123 328 4165 e
354 4096 560 4186 Forno‚·&
594 4104 705 4186 cellro
729 4102 901 4187 ciliano‚-
927 4120 1022 4195 atque
1067 4108 1095 4177 Ε
1133 4092 1289 4166 tribruut
1314 4089 1407 4165 furt:
1451 4093 1545 4190 qnod
1573 4124 1617 4171 ex
1644 4098 1789 4174 Chattis
1816 4127 1897 4197 pro·

1131 4192 1302 4266 lucendio
1328 4191 1367 4268 io
1394 4195 1647 4271 Differtatione
1671 4204 1839 4274 Lxxtv.
1860 4207 1900 4273 de

1133 4294 1296 4366 Poroobiis
1337 4293 1541 4395 intelligere
1594 4301 1798 4397 poliuntur,
1842 4305 1899 4377 Ac

1134 4415 1317 4494 propterea
1344 4399 1396 4470 nil
1424 4401 1583 4479 mirum,
1622 4398 1768 4476 stinter
1792 4401 1900 4479 civi·
1981 4436 1992 4446 ⁴

1134 4514 1243 4570 tatem
1279 4497 1379 4572 illem
1408 4494 1449 4572 ile
1485 4500 1701 4574 Florentiam
1740 4504 1899 4608 interpoe

1134 4596 1216 4674 fitur
1241 4599 1331 4674 olim
1360 4596 1430 4673 fuit
1458 4601 1547 4673 alter
1572 4597 1808 4683 Comitatus.
1828 4613 1898 4684 ·A-

1132 4727 1293 4796 nonymo
1320 4702 1518 4777 Ravennati
1539 4705 1622 4781 Lib.
1643 4707 1796 4804 4'inter
1821 4713 1898 4790 Tur»

1132 4802 1224 4878 sciae
1259 4801 1439 4878 Civitates
1473 4832 1724 4887 enumerantur
1756 4817 1898 4898 Arenio,

1132 4914 1295 4995 Graecae,
1323 4910 1491 5002 lugaria,
1524 4914 1695 5008 Umbrien,
1726 4916 1898 5005 Boeotio,

1132 5006 1303 5103 Equilie,
1332 5011 1477 5100 Florio,
1505 5014 1675 5087 Florentio
1710 5018 1779 5086 &e
1816 5013 1899 5108 Qui

1792 5112 1849 5188 lo-
