4216 6014
263 340 271 349 ι

554 345 1092 466 ‘ornatarum
1130 303 1491 466 urnrsruA.
1728 409 1811 468 202

226 490 413 583 parentibus
437 485 507 580 eius
531 492 702 567 abduxerit
736 497 992 589 Pbaderpbium.
1031 503 1064 575 A
1106 489 1319 573 infirmitas,
1353 488 1394 567 δι
1433 492 1524 569 levis
1566 490 1604 567 in
1631 493 1797 568 muliebri
1821 490 1873 567 se-

229 591 402 688 Apertius
428 589 513 667 haec
540 593 578 668 in
605 599 701 693 Lege
733 621 815 695 199.
840 598 992 696 ejusdem

230 692 429 786 Barbaria,
470 695 532 768 ubi
568 695 610 770 de
645 698 752 772 vidua
779 700 821 772 ad
848 702 993 777 domum

229 793 342 894 patris
375 796 541 895 regressa:
585 804 635 871 De
669 799 821 892 Faderfio
864 827 994 890 autern,

230 894 311 984 idell
334 901 375 968 de
398 897 464 968 alio
487 901 588 987 dano,
630 924 784 998 quantum
821 926 914 1000 pater
938 927 995 976 aut

226 998 330 1089 frater
365 1000 488 1069 dederit
511 1001 563 1082 ei,
597 1006 724 1098 mando
765 1009 810 1077 aul
845 1009 994 1078 maritum

230 1100 434 1180 ambulavit,
474 1101 584 1173 mittat
610 1104 645 1175 in
671 1105 828 1195 confusum
862 1136 930 1178 eum
956 1140 993 1180 a·

230 1199 285 1269 liis
306 1199 481 1290 sororibus.
524 1206 635 1278 Dotes
657 1220 786 1280 'autem
824 1235 844 1281 a
871 1235 994 1303 paren·

230 1301 327 1374 tibus
352 1321 416 1375 aut
442 1300 609 1380 fratribus
644 1309 795 1383 traditae
836 1310 995 1407 antiquis

1109 620 1156 666 xu
1183 620 1297 672 rerum
1334 595 1576 690 experientia,
1617 593 1656 670 &
1693 593 1872 669 fraudibus

1107 696 1264 768 obnoxia
1292 693 1506 779 credulitas,
1533 695 1784 785 decreverunt,
1826 719 1872 770 rte

1108 822 1177 893 qua
1204 795 1342 870 Mulier
1366 793 1476 878 ell'et,
1516 821 1606 893 quae
1632 795 1694 870 sub
1720 797 1871 895 alicujus

1110 897 1357 988 Viri-tutela,
1386 895 1632 994 proteblione‚
1658 894 1699 973 δι
1720 899 1871 998 quadam

1109 999 1276 1099 potestate
1297 1000 1457 1082 viveret,
1483 1000 1596 1073 itaut
1617 996 1686 1074 srne
1706 998 1875 1075 consensu

1108 1101 1239 1175 tutoris
1266 1101 1418 1200 ejusdem
1448 1099 1544 1174 irriti
1585 1101 1693 1176 essent
1719 1098 1873 1174 feminae

1108 1202 1335 1285 contrablus,
1371 1201 1625 1278 alienationem
1647 1228 1780 1277 merum
1817 1226 1874 1276 re·

1108 1302 1315 1397 spicientes.
1354 1307 1487 1379 Tutela
1528 1302 1727 1403 hujusmodi
1765 1308 1873 1375 Mun·

229 1403 450 1500 temporibus
476 1407 631 1507 exiguo,
656 1428 718 1483 aut
745 1410 836 1484 nulli
856 1410 995 1484 incom-
1039 1410 1067 1481 B
1107 1405 1197 1475 dium
1223 1407 1464 1503 appellabatur
1489 1433 1509 1481 a
1536 1406 1713 1482 Saxonico
1736 1405 1873 1476 Marad:

229 1502 339 1578 modo
364 1504 524 1580 familiae
549 1527 673 1599 erant,
711 1514 843 1611 quippe
878 1514 994 1586 modi·

229 1630 318 1687 eae,
358 1626 419 1680 aut
445 1605 566 1682 saltem
604 1613 830 1703 moderatae,
872 1616 993 1715 quales

230 1709 343 1782 adbuc
392 1711 604 1786 Germanica
643 1741 727 1815 gens
754 1714 911 1791 conferre
938 1714 993 1790 so·

231 1808 301 1881 let.
344 1810 405 1880 Ab
443 1808 569 1885 horum
597 1818 754 1891 moribus
787 1816 993 1907 discessere,

230 1931 272 1983 ut
298 1935 405 1983 neno
445 1910 583 2005 nescit,
626 1917 836 1991 recentiores
877 1918 995 2009 Itali,

229 2009 293 2110 qui
322 2008 475 2086 insiliis
510 2015 726 2092 collocandis
768 2016 912 2092 domum
957 2046 993 2093 e·

229 2111 397 2186 :haurire
423 2134 620 2213 coguntur,
654 2119 689 2191 ἃ
717 2120 928 2218 quandoque
955 2139 994 2194 ut

229 2228 370 2287 tantum
405 2240 495 2289 onus
534 2218 741 2302 excutiant,
776 2248 834 2297 eas
870 2222 1012 2295 volen·‘

1108 1500 1148 1578 ἀ
1177 1504 1233 1578 cir
1258 1507 1348 1588 ille,¹
1378 1508 1419 1580 ad
1448 1535 1552 1603 quem
1590 1500 1765 1608 speslabat
1792 1531 1873 1579 mu·

1107 1606 1206 1680 lieris
1258 1608 1516 1707 patrocinium
1544 1631 1650 1705 atque
1694 1605 1872 1690 defenso,

1107 1710 1335 1782 Mundualdus
1362 1708 1481 1785 vocari
1522 1710 1725 1785 consuevit.
1766 1716 1873 1781 Mun-

1106 1811 1223 1882 dualdi
1257 1837 1277 1882 a
1313 1828 1436 1886 natura
1471 1831 1593 1898 erant.
1635 1811 1728 1910 quod
1756 1809 1872 1885 estad

1106 1911 1222 2001 silias,
1251 1914 1373 1985 Pater:
1403 1941 1446 1987 eo
1472 1915 1680 1994 deficiente,
1708 1918 1870 2012 Fratres3
1989 1972 1990 1979 ,

1107 2039 1148 2087 ac
1173 2012 1318 2087 subinde
1337 2015 1496 2113 Agnati.
1524 2016 1611 2089 Filii
1636 2040 1777 2114 quoque
1796 2038 1872 2086 ma·
1983 2034 1988 2049 ¹

1108 2112 1195 2188 sculi
1223 2118 1427 2188 Mundualdi
1452 2117 1630 2192 interdum
1657 2113 1753 2190 suere
1786 2112 1870 2188 Ma-

1108 2217 1193 2290 tris.
1237 2217 1406 2291 Mulieris
1451 2237 1580 2318 nuptae
1626 2215 1696 2292 sere
1738 2217 1870 2308 semper

229 2331 309 2396 tes,
352 2315 490 2389 utinam
517 2344 589 2392 non
616 2317 656 2394 &
682 2323 871 2404 nolentes,
910 2325 992 2397 Par.
1034 2311 1067 2383 C
1106 2314 1288 2391 Maritus.
1326 2319 1433 2412 Quod
1461 2317 1484 2391 s1
1512 2345 1617 2394 nemo
1643 2317 1734 2393 alius
1760 2318 1870 2398 esset,

196 2476 201 2484 .
231 2415 382 2490 thenoni
409 2420 678 2496 commendant.

280 2514 422 2591 Contra
448 2547 468 2593 a
495 2520 583 2596 viris
609 2523 739 2598 mulier
764 2551 836 2601 non
862 2553 993 2626 parvo,

231 2635 273 2693 ut
298 2619 349 2692 ita
377 2617 520 2702 dicam,
554 2624 625 2697 emi
653 2625 862 2726 videbatur3
898 2627 993 2726 quod

230 2715 271 2795 ἃ
297 2719 516 2796 Thucidides
542 2724 580 2797 in
608 2726 786 2810 Historia,
829 2731 864 2803 &
906 2728 993 2804 Ari-

230 2820 367 2896 stotcles
409 2821 447 2898 in
486 2825 650 2902 Politicis
684 2828 774 2903 olim
803 2859 823 2904 a
848 2830 993 2907 Graecis

230 2921 386 3007 uuum,
412 2924 528 3001 literis
557 2928 760 3026 prodidere,
787 2932 840 3006 ita
867 2949 907 3004 ut
933 2958 993 3005 eo-

164 3040 167 3045 ’
229 3052 308 3101 rum
337 3024 496 3125 Nuptiae
523 3027 653 3129 species
672 3032 843 3126 quaedam
863 3031 994 3106 emtio-

231 3127 288 3201 nis
322 3130 356 3200 a
397 3130 617 3206 venditionis
661 3135 793 3209 essent.
843 3134 993 3208 Tacitus

232 3253 373 3323 quoque
400 3230 443 3302 de
461 3236 720 3307 Germanorum
741 3237 899 3310 moribus
918 3235 990 3308 ait:
1037 3234 1070 3302 D
1105 3225 1256 3323 Pmllal‘
1279 3226 1443 3308 vl'mm,
1467 3249 1525 3299 Μ
1549 3251 1628 3300 certa
1654 3235 1756 3324 Regis
1782 3230 1874 3325 (alii
1961 3307 1964 3312 .

231 3333 347 3402 Dotem
387 3355 448 3399 non
487 3356 563 3401 uxor
601 3334 739 3416 marito,
777 3337 838 3423 Jed
861 3335 997 3406 maritus

232 3433 322 3502 uxori
347 3431 462 3524 affert.
499 3434 593 3505 Nam
622 3434 738 3515 primo
765 3434 823 3509 vir
847 3442 995 3528 Metam,

231 3528 289 3606 seu
316 3531 500 3614 Morbium,
527 3552 589 3608 aut
607 3538 776 3632 Mepbium
800 3536 817 3635 (
828 3537 878 3611 ita
897 3538 993 3611 enim

231 3629 329 3705 varie
370 3632 533 3717 effertur,
571 3655 633 3725 aut
678 3639 917 3738 corrumpitur
955 3638 1015 3711 in*

228 3731 352 3810 Libris
378 3753 537 3809 veterum
567 3763 637 3811 vox
666 3739 761 3838 ista>
800 3767 864 3833 pro
890 3738 994 3813 semi·

229 3860 274 3915 na
303 3833 540 3932 persolvebat.
584 3839 722 3914 Deinde
758 3849 843 3917 verb
878 3841 992 3915 eidem

230 3936 464 4034 constituebat
504 3943 716 4036 Morgiueab‚
758 3942 815 4017 seu
844 3946 995 4040 Morgin-

1107 2420 1150 2493 ad
1176 2445 1282 2518 quem
1310 2420 1547 2518 patrocinium
1576 2421 1729 2495 seminar
1760 2418 1870 2519 perti-

1107 2538 1227 2602 neret,
1253 2522 1365 2591 Curtis
1389 2524 1518 2616 Regia,
1554 2523 1622 2597 boc
1648 2522 1694 2596 est
1722 2521 1870 2614 Fiscus,

1107 2619 1177 2695 sive
1204 2626 1303 2709 Rex,
1344 2621 1380 2694 id
1417 2647 1519 2696 curae
1554 2651 1594 2699 ac
1619 2623 1738 2698 oneris
1764 2622 1904 2722 sulci·¹

1107 2722 1246 2819 piebat.
1295 2725 1349 2795 En
1391 2723 1558 2798 Rotharis
1604 2730 1738 2827 Legem
1784 2745 1870 2818 205.

1107 2825 1205 2898 Nulli
1230 2824 1371 2894 Mulieri
1395 2825 1529 2898 Liberae
1549 2825 1612 2918 sub
1639 2828 1749 2926 Regni
1776 2825 1873 2914 naslei

1106 2927 1254 3005 ditione,
1296 2932 1381 3020 Iege
1416 2930 1693 3022 Langobardorum
1718 2927 1870 3009 viventi,

1106 3027 1201 3097 liceat
1227 3025 1262 3097 iu
1295 3024 1373 3118 luae
1405 3029 1568 3117 potestatis
1594 3030 1755 3111 arbitrio,
1794 3029 1874 3117 idest

1099 3125 1173 3212 stne
1198 3126 1361 3216 Maudio,
1387 3128 1521 3224 vivere,
1556 3127 1619 3215 uisi
1661 3130 1777 3227 semper
1810 3132 1874 3221 sub

1108 3326 1261 3402 Codices
1296 3326 1454 3418 habent,
1494 3353 1553 3401 aar
1588 3330 1740 3421 praeliare
1764 3332 1876 3404 Curris

1109 3430 1210 3526 Regis
1230 3428 1246 3527 )
1270 3431 1383 3531 debeat
1405 3451 1605 3520 permanere.
1645 3438 1712 3504 Ner
1745 3434 1876 3527 aliquid

1107 3531 1148 3602 ale
1173 3533 1263 3602 rebus
1288 3531 1460 3604 mobilibus
1485 3552 1543 3604 aut
1572 3534 1784 3606 immobilibus
1802 3533 1874 3618 litte

1108 3631 1276 3704 vuluntate
1301 3629 1425 3722 ipsius,
1461 3632 1495 3703 in
1522 3631 1613 3727 cujus
1640 3636 1781 3707 Maudio
1801 3634 1875 3726 sue-

1109 3733 1176 3823 rit,
1201 3730 1320 3806 babeat
1343 3733 1525 3824 puellarem
1549 3738 1694 3808 donandi
1715 3758 1774 3807 aut
1792 3737 1876 3810 alie·

1110 3835 1232 3909 aaadi.
1255 3835 1558 3934 ¹Langobardicae
1599 3837 1702 3939 hujus
1729 3836 1876 3912 consuc-

1110 3935 1247 4010 tudinis
1286 3935 1409 4020 adhuc,
1440 3937 1584 4038 vestigia
1630 3937 1810 4040 supersunt
1836 3938 1875 4013 in

229 4049 313 4132 lap,
339 4038 397 4115 scu
423 4041 649 4138 Morgaegeba
675 4043 841 4144 (quippe
868 4042 905 4119 ἂ
928 4043 994 4119 ilia
1090 4035 1262 4113 'Statutis
1299 4038 1437 4137 aliquot
1466 4038 1622 4114 Urbium
1652 4041 1800 4123 Italiae,
1835 4066 1877 4113 ac

230 4166 328 4230 uox,
378 4168 487 4239 aeque
514 4169 554 4216 ac
589 4144 720 4232 altera,
757 4147 996 4234 Germanica,
1039 4143 1067 4212 E
1113 4137 1297 4257 praecipue
1323 4137 1359 4213 io
1382 4143 1505 4241 Regno
1526 4143 1789 4232 Neapolitano,
1813 4139 1876 4214 ubi

228 4268 300 4317 non
329 4245 397 4316 unl
424 4243 637 4318 scribebatur
657 4247 841 4344 ratione).
872 4247 996 4321 Utriu-

229 4344 312 4441 sque
339 4345 544 4435 donationis
588 4348 725 4422 mentio
761 4348 871 4423 estin
900 4352 996 4449 Lege

230 4472 289 4543 49.
320 4446 532 4545 Liutprandi
566 4449 670 4548 Regis
702 4451 790 4526 Lib.
818 4461 853 4528 b.
899 4452 997 4523 Nulli

226 4548 272 4634 lit
309 4549 438 4620 licentia
473 4551 602 4648 conjugi
636 4552 715 4642 suae
752 4556 907 4626 derebus
932 4553 996 4637 [uis

232 4649 315 4723 dm
334 4653 471 4748 amplius
495 4681 551 4749 per
569 4654 789 4752 qualecumque
811 4655 994 4752 ingenium,
1019 4699 1024 4707 ·

232 4748 297 4832 nili
323 4760 402 4840 quad
426 4757 463 4824 ri.
482 4756 515 4825 in
542 4757 596 4845 die
619 4779 764 4841 uotorum
803 4758 837 4829 in
864 4755 996 4848 Mepbio

230 4853 278 4924 θ’
304 4853 495 4948 Morgincap
520 4857 674 4932 dederit.
701 4859 904 4958 Utramque
930 4885 996 4939 ¹vo·

231 4981 307 5029 cem
330 4956 494 5037 explico.
515 4960 738 5058 Langobardi
761 4987 901 5057 quoque
921 4987 995 5035 me·

231 5055 386 5138 ditantes
399 5113 414 5149 ,
437 5078 581 5160 ‚quanta
614 5059 656 5136 stt
685 5062 838 5149 seminar
863 5060 995 5151 mentis

1112 4238 1246 4313 diutius
1273 4266 1313 4314 ac
1340 4245 1497 4317 tenacius
1534 4246 1638 4337 qulm
1682 4241 1769 4315 alibi
1796 4245 1875 4316 Lex

1112 4340 1426 4441 Langobardorum
1452 4344 1634 4417 obseruata
1654 4342 1719 4416 eli.
1744 4338 1877 4431 lohan-

1112 4469 1173 4518 nes
1201 4442 1380 4518 Villanius
1407 4444 1491 4518 Lib.
1514 4470 1546 4518 2.
1566 4441 1659 4544 Cap.
1678 4471 1715 4543 9.
1743 4443 1877 4520 Histor.

1114 4563 1152 4620 ut
1172 4572 1215 4619 ex
1235 4544 1521 4619 additamentisa
1541 4569 1598 4616 me
1617 4546 1725 4619 editis
1738 4545 1878 4634 ,constat

1112 4652 1234 4742 Tomo
1262 4649 1361 4719 x111.
1387 4650 1468 4721 Rer.
1498 4645 1655 4722 Italicar.
1698 4647 1783 4722 haec
1816 4647 1879 4725 ha·

1114 4751 1195 4826 bet:
1242 4750 1276 4820 Ε
1311 4747 1432 4840 seriora
1457 4749 1493 4824 la
1517 4757 1651 4848 lagge,
1676 4753 1742 4839 ,ebe
1767 4775 1881 4825 ancora

1104 4850 1139 4941 fi
1163 4852 1285 4928 abiatra
1299 4854 1553 4949 .1.oogobarda‚·
1591 4881 1607 4926 e
1632 4875 1763 4953 tergono
1787 4878 1880 4924 aoro-

1111 4980 1150 5029 ta
1187 4948 1214 5027 e’
1229 4951 1375 5050 Pugliest
1386 5008 1399 5046 ,
1434 4981 1451 5025 e
1482 4954 1536 5053 gli
1574 4956 1655 5033 altri
1681 4954 1816 5031 ltaliani
1843 4950 1879 5020 iu

1113 5059 1221 5154 quella
1249 5075 1366 5151 pate,
1404 5057 1488 5154 darre
1519 5057 1629 5133 dana
1672 5053 1879 5136 Manualdo,

1754 5178 1830 5228 m.

1920 5315 1921 5318 ,
2007 5271 2040 5324 ‚l
