4222 6006
290 405 439 603 rolli.
463 416 742 606 Mirata
708 484 870 606 autem
916 488 1014 605 fuit
1052 476 1521 649 magnificentillima
1560 494 1694 608 Urbs
1735 492 1944 646 Neapo-

284 649 387 780 lis,
427 651 597 785 mirata
638 647 821 756 deinde
861 649 929 758 est
969 654 1189 784 egregias
1235 677 1341 754 tuas
1382 649 1528 757 dotes
1571 648 1651 753 vel
1694 642 1795 793 ipla
1768 653 1945 760 aoUr

291 799 427 937 bium
481 800 716 960 princeps
765 802 962 907 Roma.
1016 799 1222 944 Nempe
1272 795 1354 901 hic
1406 796 1486 902 ille
1534 799 1604 909 est
1648 798 1942 939 (concordi

220 983 223 988 ·
293 984 420 1058 voce
460 985 634 1055 omnes
673 952 842 1095 aiunt)
871 955 966 1125 qui
995 949 1288 1061 Catholicae
1316 945 1598 1081 Religionis
1639 952 1944 1087 documenta

115 1140 118 1145 ·
293 1101 449 1205 alte
438 1133 490 1202 tn
536 1104 897 1242 praecordiis
883 1101 1034 1210 totixa
1075 1131 1285 1226 tenens,
1323 1129 1422 1204 tam
1470 1099 1702 1205 accuratd
1741 1101 1941 1205 Pietatis

291 1248 477 1389 ubique
518 1250 679 1359 officia
715 1253 926 1424 implet,
966 1284 1030 1359 ut
1060 1252 1259 1391 reliquis
1300 1253 1623 1393 exemploru
1666 1249 1828 1373 cultu,
1866 1282 1943 1352 re·

292 1407 547 1524 verentia,
591 1438 649 1507 ac
693 1409 874 1508 timore
915 1403 1150 1541 Numi-nis
1190 1398 1338 1506 elle
1325 1437 1420 1540 pam
1464 1398 1639 1544 poffit.
1683 1399 1783 1503 Hic
1826 1399 1940 1521 ille,

240 1647 246 1652 ,
288 1555 374 1691 qui
411 1549 573 1694 paffim
613 1552 869 1696 splendida
909 1544 1285 1658 Munificentiae
1324 1555 1435 1685 suae
1454 1550 1652 1687 vestigia
1675 1547 1943 1693 relinquit.

287 1699 392 1808 Hic
436 1707 618 1828 etiam,
660 1710 771 1822 cui,
812 1708 1035 1854 quamvis
1081 1733 1347 1865 numquam
1392 1704 1668 1842 praecellae
1707 1700 1941 1860 Dignita-

286 1854 350 1988 tis
395 1849 504 1955 suae
552 1853 753 1958 modurn
795 1846 990 1975 oblito,
1029 1888 1087 1957 ea
1131 1860 1299 1959 tamen
1347 1850 1417 1956 est
1459 1853 1665 1958 suavitas
1711 1853 1942 1979 morum,

287 2000 494 2105 comitas
531 1996 889 2143 affabilitasque
917 2001 1183 2124 sermonis,
1222 2035 1349 2145 quae
1386 2006 1609 2103 omniurn
1642 2001 1804 2101 secum
1838 2002 1940 2106 col·

285 2146 604 2290 loquentium
651 2156 839 2256 animos
878 2151 962 2259 srbi
1008 2155 1286 2270 conciliet,
1326 2151 1655 2288 egregiaeque
1698 2140 1943 2278 format,

287 2299 451 2403 vultus
488 2302 557 2407 sui
595 2303 906 2406 lineamentis
949 2302 1111 2442 probe
1146 2301 1475 2440 respondeat.
1494 2300 1698 2469 Neque
1735 2294 1940 2401 miltia-

285 2446 458 2563 nunde
499 2451 709 2589 petendi
751 2452 894 2558 testes
933 2481 1039 2555 tum
1081 2454 1154 2554 tui
1192 2443 1505 2553 feliciffinti
1492 2449 1712 2580 ingenii,
1748 2474 1855 2549 tum
1890 2479 1939 2549 a·

287 2600 409 2700 nimi
457 2599 663 2704 meliora
714 2633 940 2743 quaeque
987 2600 1305 2705 aemulantis.
1362 2598 1445 2702 Te
1494 2625 1695 2729 egomet
1744 2625 1934 2718 teneo,

288 2775 576 2916 quantaque
615 2749 672 2856 stt
710 2751 966 2857 Virtutum
1003 2782 1195 2855 tuarum
1237 2747 1434 2851 ubertas
1478 2779 1535 2847 ac
1580 2745 1823 2865 soliditas,
1855 2777 1938 2851 ex·

287 2896 573 3069 parimento
616 2932 728 3000 meo
772 2900 997 3025 edoctus,
1029 2902 1134 3003 aliis
1176 2896 1380 3005 testari
1369 2930 1464 3029 pam
1490 2894 1721 3036 polium.
1762 2899 1935 3057 Qum
1990 2962 1994 2978 ·

287 3047 424 3146 enirn
475 3045 720 3151 Mutinam
763 3046 998 3154 deductus
1042 3049 1133 3153 Xl.
1177 3049 1281 3163 Kal.
1316 3046 1442 3151 Det,
1420 3042 1661 3169 embrrs
1712 3042 1862 3189 atque
1908 3077 1938 3147 a

285 3193 598 3304 Sereniffimo
634 3195 1034 3309 FRANCISCO
1076 3200 1224 3303 Duce
1270 3196 1392 3300 hero
1439 3198 1552 3298 tneo
1597 3174 1778 3323 summa
1822 3226 1982 3297 cum·

285 3340 616 3448 ersultatioue
663 3358 933 3485 exceptus,
978 3346 1386 3489 incomparabiles
1431 3348 1672 3462 Pidiuras,
1715 3316 1937 3497 Statuas,

273 3489 623 3616 Numisium,
662 3493 1054 3617 Bibliothecam,
1088 3512 1355 3635 ceteraque
1401 3489 1599 3599 Ellensrs
1642 3478 1865 3636 Palatii,
1884 3503 1937 3605 &

288 3641 578 3751 Mutinensrs
623 3640 775 3749 Urbis
827 3674 1159 3766 ornamenta,
1201 3679 1302 3745 non
1342 3644 1559 3764 curtim,
1597 3641 1680 3748 led
1721 3606 1936 3750 mirabili

287 3794 573 3899 attentione
620 3792 983 3936 perpenderes,
1034 3802 1084 3899 δι
1128 3796 1392 3900 memoriae
1428 3786 1609 3922 fingula
1648 3794 1935 3923 mandares,

287 3973 368 4050 me
404 3978 610 4088 quoque
653 3947 715 4047 ad
763 3945 1213 4086 alloquiumtuum
1259 3978 1363 4045 non
1405 3941 1552 4046 semel
1594 3976 1688 4084 pro
1727 3975 1811 4050 tua
1853 3944 1937 4051 be·

289 4095 536 4226 nignitate
585 4092 839 4199 admillurn
887 4096 1077 4203 voluisti
1099 4096 1120 4219 ,'
1165 4130 1223 4200 ac
1277 4092 1533 4200 discedens
1581 4090 1704 4202 mihi
1755 4093 1934 4202 illustre

287 4244 622 4355 Liberalitatis
656 4275 770 4349 tuae
808 4248 985 4387 pignus
1023 4247 1291 4390 reliquisti.
1889 4336 1893 4343 .

307 4477 310 4481 -
438 4396 655 4503 Proinde
688 4395 810 4497 baec
839 4403 1035 4522 omnia,
1062 4393 1369 4506 Serenillime
1404 4396 1666 4536 Princeps,
1697 4396 1787 4501 tibi
1824 4428 1931 4530 gra·

107 4620 114 4630 .
286 4540 450 4666 ratior,
488 4550 573 4655 ted
610 4543 731 4652 illud
772 4543 1096 4690 potissimum,
1131 4545 1270 4690 quod
1310 4573 1363 4648 te
1403 4556 1630 4653 notarim
1667 4552 1817 4652 eriam
1851 4580 1928 4652 er

285 4722 360 4852 ga
382 4696 577 4805 Literas
604 4729 775 4800 amore
808 4688 955 4821 ferri,
989 4700 1158 4840 eisque
1195 4729 1403 4839 operam
1438 4695 1557 4802 dare
1597 4693 1791 4843 lubenti
1830 4703 1937 4806 ani·

285 4875 409 4993 mo..
422 4834 636 4953 Scilicet
670 4876 860 4952 mature
886 4851 989 4981 jam
1010 4818 1280 4980 agnovisti,
1313 4840 1495 4972 illas,
1478 4839 1674 4990 quoties
1706 4852 1759 4954 in
1793 4850 1931 4960 Prin

286 4980 423 5181 cipes
465 5005 673 5125 coitur,
710 4997 1005 5144 plurimum
1010 4998 1175 5109 laidis
1212 4991 1478 5126 conferre,
1515 5029 1739 5152 atque
1702 5002 1764 5107 ad
1799 4994 1931 5104 bene

461 5208 483 5223 ·
1589 5210 1592 5216 ·
1674 5142 1851 5285 regen·
