<?xml version="1.0" encoding="UTF-8"?>
<!DOCTYPE html PUBLIC "-//W3C//DTD XHTML 1.0 Transitional//EN"
    "http://www.w3.org/TR/xhtml1/DTD/xhtml1-transitional.dtd">
<html xmlns="http://www.w3.org/1999/xhtml" xml:lang="en" lang="en">
 <head>
  <title>
</title>
<meta http-equiv="Content-Type" content="text/html;charset=utf-8" />
  <meta name='ocr-system' content='tesseract 3.04.00' />
  <meta name='ocr-capabilities' content='ocr_page ocr_carea ocr_par ocr_line ocrx_word'/>
</head>
<body>
  <div class='ocr_page' id='page_1' title='image "./antiquitatesita01muragoog_0050.png"; bbox 0 0 4216 6014; ppageno 0'>
   <div class='ocr_carea' id='block_1_1' title="bbox 219 340 1834 478">
    <p class='ocr_par' dir='ltr' id='par_1_1' title="bbox 219 340 1834 478">
     <span class='ocr_line' id='line_1_1' title="bbox 219 340 1834 478; baseline -0.001 -34"><span class='ocrx_word' id='word_1_1' title='bbox 219 386 277 478; x_wconf 78' lang='lat'>73</span> <span class='ocrx_word' id='word_1_2' title='bbox 326 352 333 415; x_wconf 69' lang='grc' dir='ltr'>ῗ</span> <span class='ocrx_word' id='word_1_3' title='bbox 493 409 496 417; x_wconf 91' lang='grc'><strong>-</strong></span> <span class='ocrx_word' id='word_1_4' title='bbox 571 352 945 444; x_wconf 66' lang='lat' dir='ltr'>Dissertatio</span> <span class='ocrx_word' id='word_1_5' title='bbox 973 350 1366 443; x_wconf 77' lang='lat' dir='ltr'><em>DECIMANONA</em></span> <span class='ocrx_word' id='word_1_6' title='bbox 1387 414 1412 446; x_wconf 83' lang='lat'>.-</span> <span class='ocrx_word' id='word_1_7' title='bbox 1690 393 1750 474; x_wconf 72' lang='lat'>74</span> <span class='ocrx_word' id='word_1_8' title='bbox 1829 340 1834 349; x_wconf 59' lang='grc'><strong><em>’</em></strong></span> 
     </span>
    </p>
   </div>
   <div class='ocr_carea' id='block_1_2' title="bbox 132 471 1872 782">
    <p class='ocr_par' dir='ltr' id='par_1_2' title="bbox 132 471 1872 782">
     <span class='ocr_line' id='line_1_2' title="bbox 159 471 1806 575; baseline -0.001 -21"><span class='ocrx_word' id='word_1_9' title='bbox 159 479 382 564; x_wconf 85' lang='lat' dir='ltr'>Castellum,</span> <span class='ocrx_word' id='word_1_10' title='bbox 417 476 512 550; x_wconf 91' lang='lat' dir='ltr'>itaut</span> <span class='ocrx_word' id='word_1_11' title='bbox 555 500 649 550; x_wconf 90' lang='lat' dir='ltr'>nune</span> <span class='ocrx_word' id='word_1_12' title='bbox 694 477 834 566; x_wconf 87' lang='lat' dir='ltr'>multa,</span> <span class='ocrx_word' id='word_1_13' title='bbox 879 499 923 549; x_wconf 95' lang='lat' dir='ltr'>ne</span> <span class='ocrx_word' id='word_1_14' title='bbox 965 480 1002 550; x_wconf 84' lang='grc' dir='ltr'>Α</span> <span class='ocrx_word' id='word_1_15' title='bbox 1021 492 1024 497; x_wconf 78' lang='grc'>’</span> <span class='ocrx_word' id='word_1_16' title='bbox 1042 497 1121 546; x_wconf 92' lang='lat' dir='ltr'>cere</span> <span class='ocrx_word' id='word_1_17' title='bbox 1159 471 1287 572; x_wconf 87' lang='lat' dir='ltr'>poffit,</span> <span class='ocrx_word' id='word_1_18' title='bbox 1330 495 1490 550; x_wconf 76' lang='lat' dir='ltr'>attamen</span> <span class='ocrx_word' id='word_1_19' title='bbox 1529 476 1695 575; x_wconf 81' lang='lat' dir='ltr'>exemplo</span> <span class='ocrx_word' id='word_1_20' title='bbox 1731 502 1806 552; x_wconf 88' lang='lat' dir='ltr'>retn</span> 
     </span>
     <span class='ocr_line' id='line_1_3' title="bbox 132 572 1806 675; baseline -0.002 -20"><span class='ocrx_word' id='word_1_21' title='bbox 132 581 278 656; x_wconf 87' lang='lat' dir='ltr'>·dicam</span> <span class='ocrx_word' id='word_1_22' title='bbox 304 580 515 667; x_wconf 78' lang='lat' dir='ltr'>innumero,</span> <span class='ocrx_word' id='word_1_23' title='bbox 541 580 715 667; x_wconf 69' lang='lat' dir='ltr'>Cistella,</span> <span class='ocrx_word' id='word_1_24' title='bbox 743 579 856 653; x_wconf 85' lang='lat' dir='ltr'>immo</span> <span class='ocrx_word' id='word_1_25' title='bbox 882 574 922 652; x_wconf 76' lang='grc' dir='ltr'>ἂ</span> <span class='ocrx_word' id='word_1_26' title='bbox 955 592 958 605; x_wconf 76' lang='grc'>’</span> <span class='ocrx_word' id='word_1_27' title='bbox 1042 572 1153 674; x_wconf 81' lang='lat' dir='ltr'>ipsam</span> <span class='ocrx_word' id='word_1_28' title='bbox 1179 573 1389 650; x_wconf 84' lang='lat' dir='ltr'>confirmare</span> <span class='ocrx_word' id='word_1_29' title='bbox 1416 581 1558 675; x_wconf 81' lang='lat' dir='ltr'>placet,</span> <span class='ocrx_word' id='word_1_30' title='bbox 1584 603 1710 672; x_wconf 90' lang='lat' dir='ltr'>nempe</span> <span class='ocrx_word' id='word_1_31' title='bbox 1737 579 1806 652; x_wconf 91' lang='lat' dir='ltr'>Di·</span> 
     </span>
     <span class='ocr_line' id='line_1_4' title="bbox 159 676 1872 782; baseline -0.002 -24"><span class='ocrx_word' id='word_1_32' title='bbox 159 681 325 782; x_wconf 82' lang='lat' dir='ltr'>Oppida,</span> <span class='ocrx_word' id='word_1_33' title='bbox 351 680 441 755; x_wconf 89' lang='lat' dir='ltr'>olim</span> <span class='ocrx_word' id='word_1_34' title='bbox 468 688 575 752; x_wconf 88' lang='lat' dir='ltr'>Certes</span> <span class='ocrx_word' id='word_1_35' title='bbox 593 682 843 756; x_wconf 90' lang='lat' dir='ltr'>tantummodo</span> <span class='ocrx_word' id='word_1_36' title='bbox 863 700 924 780; x_wconf 84' lang='lat' dir='ltr'>a&#39;p-</span> <span class='ocrx_word' id='word_1_37' title='bbox 1001 692 1005 707; x_wconf 89' lang='lat'>&#39;</span> <span class='ocrx_word' id='word_1_38' title='bbox 1042 681 1219 776; x_wconf 87' lang='lat' dir='ltr'>plomate,</span> <span class='ocrx_word' id='word_1_39' title='bbox 1245 679 1340 775; x_wconf 87' lang='lat' dir='ltr'>quod</span> <span class='ocrx_word' id='word_1_40' title='bbox 1367 678 1479 753; x_wconf 84' lang='lat' dir='ltr'>debeo</span> <span class='ocrx_word' id='word_1_41' title='bbox 1502 676 1631 781; x_wconf 75' lang='lat' dir='ltr'><strong>insigni</strong></span> <span class='ocrx_word' id='word_1_42' title='bbox 1659 682 1806 755; x_wconf 85' lang='lat' dir='ltr'>Placen·</span> <span class='ocrx_word' id='word_1_43' title='bbox 1869 697 1872 701; x_wconf 79' lang='grc'><em>’</em></span> 
     </span>
    </p>
   </div>
   <div class='ocr_carea' id='block_1_3' title="bbox 158 777 1954 887">
    <p class='ocr_par' dir='ltr' id='par_1_3' title="bbox 158 777 1954 887">
     <span class='ocr_line' id='line_1_5' title="bbox 158 777 1954 887; baseline -0.001 -29"><span class='ocrx_word' id='word_1_44' title='bbox 158 788 397 887; x_wconf 75' lang='lat' dir='ltr'>pellerentur.</span> <span class='ocrx_word' id='word_1_45' title='bbox 423 788 649 884; x_wconf 88' lang='lat' dir='ltr'>Quamquam</span> <span class='ocrx_word' id='word_1_46' title='bbox 676 785 774 860; x_wconf 85' lang='lat' dir='ltr'>istius</span> <span class='ocrx_word' id='word_1_47' title='bbox 793 784 843 858; x_wconf 91' lang='lat' dir='ltr'>rei</span> <span class='ocrx_word' id='word_1_48' title='bbox 863 808 924 857; x_wconf 84' lang='lat' dir='ltr'>ve-</span> <span class='ocrx_word' id='word_1_49' title='bbox 1041 780 1121 853; x_wconf 89' lang='lat' dir='ltr'>tino</span> <span class='ocrx_word' id='word_1_50' title='bbox 1147 777 1320 854; x_wconf 78' lang='lat' dir='ltr'>Archiou·</span> <span class='ocrx_word' id='word_1_51' title='bbox 1339 781 1599 854; x_wconf 86' lang='lat' dir='ltr'>Monachnsum</span> <span class='ocrx_word' id='word_1_52' title='bbox 1633 778 1804 856; x_wconf 80' lang='lat' dir='ltr'>Calinen·</span> <span class='ocrx_word' id='word_1_53' title='bbox 1952 804 1954 808; x_wconf 53' lang='lat'><em>⁴</em></span> 
     </span>
    </p>
   </div>
   <div class='ocr_carea' id='block_1_4' title="bbox 159 879 1805 1295">
    <p class='ocr_par' dir='ltr' id='par_1_4' title="bbox 160 879 1805 1192">
     <span class='ocr_line' id='line_1_6' title="bbox 160 879 1804 993; baseline -0.002 -30"><span class='ocrx_word' id='word_1_54' title='bbox 160 887 305 964; x_wconf 84' lang='lat' dir='ltr'>ritatem</span> <span class='ocrx_word' id='word_1_55' title='bbox 344 886 383 959; x_wconf 92' lang='lat' dir='ltr'>in</span> <span class='ocrx_word' id='word_1_56' title='bbox 419 912 525 985; x_wconf 85' lang='lat' dir='ltr'>prope</span> <span class='ocrx_word' id='word_1_57' title='bbox 561 889 782 978; x_wconf 83' lang='lat' dir='ltr'>innumeris,</span> <span class='ocrx_word' id='word_1_58' title='bbox 818 903 924 986; x_wconf 87' lang='lat' dir='ltr'>atque</span> <span class='ocrx_word' id='word_1_59' title='bbox 1009 879 1126 993; x_wconf 64' lang='lat' dir='ltr'>pssum</span> <span class='ocrx_word' id='word_1_60' title='bbox 1162 882 1283 958; x_wconf 68' lang='lat' dir='ltr'>Sansti</span> <span class='ocrx_word' id='word_1_61' title='bbox 1317 879 1437 975; x_wconf 76' lang='lat' dir='ltr'>Sitti,</span> <span class='ocrx_word' id='word_1_62' title='bbox 1477 881 1539 956; x_wconf 85' lang='lat' dir='ltr'>ubi</span> <span class='ocrx_word' id='word_1_63' title='bbox 1574 882 1804 979; x_wconf 82' lang='lat' dir='ltr'>archetypum</span> 
     </span>
     <span class='ocr_line' id='line_1_7' title="bbox 161 982 1805 1088; baseline -0.002 -24"><span class='ocrx_word' id='word_1_64' title='bbox 161 990 202 1065; x_wconf 91' lang='lat' dir='ltr'>in</span> <span class='ocrx_word' id='word_1_65' title='bbox 236 986 317 1088; x_wconf 75' lang='lat' dir='ltr'>ipsis</span> <span class='ocrx_word' id='word_1_66' title='bbox 357 987 486 1088; x_wconf 79' lang='lat' dir='ltr'>Operis</span> <span class='ocrx_word' id='word_1_67' title='bbox 523 988 625 1088; x_wconf 76' lang='lat' dir='ltr'>huius</span> <span class='ocrx_word' id='word_1_68' title='bbox 665 987 844 1070; x_wconf 76' lang='lat' dir='ltr'>Chattis,</span> <span class='ocrx_word' id='word_1_69' title='bbox 883 1012 924 1063; x_wconf 91' lang='lat' dir='ltr'>ac</span> <span class='ocrx_word' id='word_1_70' title='bbox 1041 986 1244 1080; x_wconf 82' lang='lat' dir='ltr'>venustum,</span> <span class='ocrx_word' id='word_1_71' title='bbox 1280 1013 1324 1062; x_wconf 87' lang='lat' dir='ltr'>an</span> <span class='ocrx_word' id='word_1_72' title='bbox 1366 983 1504 1088; x_wconf 87' lang='lat' dir='ltr'>prorsus</span> <span class='ocrx_word' id='word_1_73' title='bbox 1543 982 1704 1059; x_wconf 81' lang='lat' dir='ltr'>illaesum</span> <span class='ocrx_word' id='word_1_74' title='bbox 1743 986 1805 1060; x_wconf 89' lang='lat' dir='ltr'>ad·</span> 
     </span>
     <span class='ocr_line' id='line_1_8' title="bbox 161 1087 1222 1192; baseline -0.001 -27"><span class='ocrx_word' id='word_1_75' title='bbox 161 1091 345 1192; x_wconf 81' lang='lat' dir='ltr'>praecipue</span> <span class='ocrx_word' id='word_1_76' title='bbox 380 1089 418 1164; x_wconf 91' lang='lat' dir='ltr'>in</span> <span class='ocrx_word' id='word_1_77' title='bbox 460 1090 601 1167; x_wconf 82' lang='lat' dir='ltr'>Differt.</span> <span class='ocrx_word' id='word_1_78' title='bbox 646 1098 707 1166; x_wconf 79' lang='lat' dir='ltr'>xl.</span> <span class='ocrx_word' id='word_1_79' title='bbox 748 1093 789 1166; x_wconf 91' lang='lat' dir='ltr'>de</span> <span class='ocrx_word' id='word_1_80' title='bbox 817 1093 925 1164; x_wconf 83' lang='lat' dir='ltr'>Allo·</span> <span class='ocrx_word' id='word_1_81' title='bbox 1040 1087 1222 1165; x_wconf 79' lang='lat' dir='ltr'>servatur.</span> 
     </span>
    </p>

    <p class='ocr_par' dir='ltr' id='par_1_5' title="bbox 159 1191 926 1295">
     <span class='ocr_line' id='line_1_9' title="bbox 159 1191 926 1295; baseline 0.001 -28"><span class='ocrx_word' id='word_1_82' title='bbox 159 1192 257 1276; x_wconf 83' lang='lat' dir='ltr'>diis,</span> <span class='ocrx_word' id='word_1_83' title='bbox 282 1191 432 1294; x_wconf 83' lang='lat' dir='ltr'>quisque</span> <span class='ocrx_word' id='word_1_84' title='bbox 458 1196 517 1269; x_wconf 86' lang='lat' dir='ltr'>vel</span> <span class='ocrx_word' id='word_1_85' title='bbox 544 1219 601 1269; x_wconf 89' lang='lat' dir='ltr'>me</span> <span class='ocrx_word' id='word_1_86' title='bbox 627 1214 767 1272; x_wconf 88' lang='lat' dir='ltr'>tacente</span> <span class='ocrx_word' id='word_1_87' title='bbox 793 1192 926 1295; x_wconf 90' lang='lat' dir='ltr'>perspi·</span> 
     </span>
    </p>
   </div>
   <div class='ocr_carea' id='block_1_5' title="bbox 154 1440 1692 1684">
    <p class='ocr_par' dir='ltr' id='par_1_6' title="bbox 39 1388 1692 1684">
     <span class='ocr_line' id='line_1_10' title="bbox 154 1440 1692 1568; baseline -0.001 -31.139"><span class='ocrx_word' id='word_1_88' title='bbox 154 1524 172 1537; x_wconf 80' lang='grc'>,,</span> <span class='ocrx_word' id='word_1_89' title='bbox 285 1444 492 1568; x_wconf 83' lang='lat' dir='ltr'>Rodulphi</span> <span class='ocrx_word' id='word_1_90' title='bbox 523 1449 663 1540; x_wconf 89' lang='lat' dir='ltr'>Italiae</span> <span class='ocrx_word' id='word_1_91' title='bbox 694 1447 817 1565; x_wconf 85' lang='lat' dir='ltr'>Regis</span> <span class='ocrx_word' id='word_1_92' title='bbox 848 1446 1039 1545; x_wconf 86' lang='lat' dir='ltr'>Dinloma</span> <span class='ocrx_word' id='word_1_93' title='bbox 1069 1476 1140 1563; x_wconf 86' lang='lat' dir='ltr'>pro</span> <span class='ocrx_word' id='word_1_94' title='bbox 1169 1445 1414 1538; x_wconf 83' lang='lat' dir='ltr'>Monasterio</span> <span class='ocrx_word' id='word_1_95' title='bbox 1445 1440 1692 1538; x_wconf 81' lang='lat' dir='ltr'>Monioliotn</span> 
     </span>
     <span class='ocr_line' id='line_1_11' title="bbox 496 1567 1404 1684; baseline -0.002 -25"><span class='ocrx_word' id='word_1_96' title='bbox 496 1632 498 1637; x_wconf 65' lang='grc'><em>»</em></span> <span class='ocrx_word' id='word_1_97' title='bbox 560 1572 696 1659; x_wconf 70' lang='lat' dir='ltr'>Sancti</span> <span class='ocrx_word' id='word_1_98' title='bbox 726 1569 844 1684; x_wconf 78' lang='lat' dir='ltr'>Syrti</span> <span class='ocrx_word' id='word_1_99' title='bbox 874 1567 1119 1680; x_wconf 78' lang='lat' dir='ltr'>Placentini,</span> <span class='ocrx_word' id='word_1_100' title='bbox 1152 1576 1272 1656; x_wconf 85' lang='lat' dir='ltr'>Anno</span> <span class='ocrx_word' id='word_1_101' title='bbox 1300 1601 1404 1680; x_wconf 85' lang='lat'>924.</span> 
     </span>
    </p>
   </div>
   <div class='ocr_carea' id='block_1_6' title="bbox 209 1800 1950 1901">
    <p class='ocr_par' dir='ltr' id='par_1_7' title="bbox 209 1800 1950 1901">
     <span class='ocr_line' id='line_1_12' title="bbox 209 1800 1950 1901; baseline -0.001 -28"><span class='ocrx_word' id='word_1_102' title='bbox 209 1806 247 1873; x_wconf 91' lang='lat' dir='ltr'><em>N</em></span> <span class='ocrx_word' id='word_1_103' title='bbox 268 1802 391 1876; x_wconf 88' lang='lat' dir='ltr'>nomine</span> <span class='ocrx_word' id='word_1_104' title='bbox 419 1806 550 1878; x_wconf 79' lang='lat' dir='ltr'>Domini</span> <span class='ocrx_word' id='word_1_105' title='bbox 587 1809 651 1881; x_wconf 84' lang='lat' dir='ltr'>Dei</span> <span class='ocrx_word' id='word_1_106' title='bbox 674 1809 814 1884; x_wconf 87' lang='lat' dir='ltr'>aeterni.</span> <span class='ocrx_word' id='word_1_107' title='bbox 855 1818 925 1883; x_wconf 85' lang='lat' dir='ltr'>Ro·</span> <span class='ocrx_word' id='word_1_108' title='bbox 966 1811 997 1881; x_wconf 91' lang='lat' dir='ltr'>B</span> <span class='ocrx_word' id='word_1_109' title='bbox 1040 1802 1239 1901; x_wconf 73' lang='lat' dir='ltr'>praelibatae</span> <span class='ocrx_word' id='word_1_110' title='bbox 1280 1810 1399 1877; x_wconf 81' lang='lat' dir='ltr'>Bartae</span> <span class='ocrx_word' id='word_1_111' title='bbox 1445 1805 1530 1877; x_wconf 85' lang='lat' dir='ltr'>idenr</span> <span class='ocrx_word' id='word_1_112' title='bbox 1576 1800 1809 1891; x_wconf 75' lang='lat' dir='ltr'>Monalleriunt</span> <span class='ocrx_word' id='word_1_113' title='bbox 1943 1833 1950 1844; x_wconf 92' lang='lat'><strong>·</strong></span> 
     </span>
    </p>
   </div>
   <div class='ocr_carea' id='block_1_7' title="bbox 153 1904 1869 2412">
    <p class='ocr_par' dir='ltr' id='par_1_8' title="bbox 153 1904 1869 2412">
     <span class='ocr_line' id='line_1_13' title="bbox 233 1904 1808 2003; baseline 0.012 -29"><span class='ocrx_word' id='word_1_114' title='bbox 233 1906 373 1994; x_wconf 88' lang='lat' dir='ltr'>dulpbus</span> <span class='ocrx_word' id='word_1_115' title='bbox 415 1908 535 1978; x_wconf 86' lang='lat' dir='ltr'>divino</span> <span class='ocrx_word' id='word_1_116' title='bbox 578 1910 712 1997; x_wconf 69' lang='lat' dir='ltr'>favente</span> <span class='ocrx_word' id='word_1_117' title='bbox 762 1912 926 1980; x_wconf 87' lang='lat' dir='ltr'>clementia</span> <span class='ocrx_word' id='word_1_118' title='bbox 1044 1905 1284 1998; x_wconf 81' lang='lat' dir='ltr'>confirmamus,</span> <span class='ocrx_word' id='word_1_119' title='bbox 1323 1925 1477 2003; x_wconf 73' lang='lat' dir='ltr'>qualem</span> <span class='ocrx_word' id='word_1_120' title='bbox 1512 1908 1548 1978; x_wconf 69' lang='lat'>¹⁰¹³</span> <span class='ocrx_word' id='word_1_121' title='bbox 1567 1908 1631 2000; x_wconf 61' lang='lat' dir='ltr'>sbi</span> <span class='ocrx_word' id='word_1_122' title='bbox 1650 1904 1698 1991; x_wconf 67' lang='lat' dir='ltr'>fii</span> <span class='ocrx_word' id='word_1_123' title='bbox 1717 1924 1808 1998; x_wconf 61' lang='grc' dir='ltr'>Μ’</span> 
     </span>
     <span class='ocr_line' id='line_1_14' title="bbox 160 2000 1869 2104; baseline 0.005 -28"><span class='ocrx_word' id='word_1_124' title='bbox 160 2010 254 2077; x_wconf 79' lang='lat' dir='ltr'>Rex.</span> <span class='ocrx_word' id='word_1_125' title='bbox 294 2005 334 2075; x_wconf 84' lang='lat' dir='ltr'>Si</span> <span class='ocrx_word' id='word_1_126' title='bbox 357 2005 564 2096; x_wconf 90' lang='lat' dir='ltr'>petitionibus</span> <span class='ocrx_word' id='word_1_127' title='bbox 582 2008 734 2100; x_wconf 84' lang='lat' dir='ltr'>fidelium</span> <span class='ocrx_word' id='word_1_128' title='bbox 760 2010 926 2096; x_wconf 77' lang='lat' dir='ltr'>nostrorum</span> <span class='ocrx_word' id='word_1_129' title='bbox 1038 2009 1122 2095; x_wconf 86' lang='lat' dir='ltr'>llate</span> <span class='ocrx_word' id='word_1_130' title='bbox 1146 2007 1196 2090; x_wconf 57' lang='grc' dir='ltr'>(θ’</span> <span class='ocrx_word' id='word_1_131' title='bbox 1219 2009 1385 2104; x_wconf 82' lang='lat' dir='ltr'>dominio,</span> <span class='ocrx_word' id='word_1_132' title='bbox 1411 2010 1563 2104; x_wconf 78' lang='lat' dir='ltr'>quousque</span> <span class='ocrx_word' id='word_1_133' title='bbox 1587 2005 1731 2096; x_wconf 83' lang='lat' dir='ltr'>vixerit,</span> <span class='ocrx_word' id='word_1_134' title='bbox 1758 2000 1808 2083; x_wconf 58' lang='grc' dir='ltr'>(Ψ</span> <span class='ocrx_word' id='word_1_135' title='bbox 1863 2060 1869 2072; x_wconf 90' lang='lat'><strong>·</strong></span> 
     </span>
     <span class='ocr_line' id='line_1_15' title="bbox 161 2104 1808 2200; baseline 0.013 -27"><span class='ocrx_word' id='word_1_136' title='bbox 161 2104 297 2173; x_wconf 74' lang='lat' dir='ltr'>libenter</span> <span class='ocrx_word' id='word_1_137' title='bbox 320 2107 512 2188; x_wconf 78' lang='lat' dir='ltr'>annuimus,</span> <span class='ocrx_word' id='word_1_138' title='bbox 536 2112 711 2180; x_wconf 70' lang='lat' dir='ltr'>devotiores</span> <span class='ocrx_word' id='word_1_139' title='bbox 736 2137 784 2181; x_wconf 88' lang='lat' dir='ltr'>eos</span> <span class='ocrx_word' id='word_1_140' title='bbox 801 2115 846 2182; x_wconf 89' lang='lat' dir='ltr'>ad</span> <span class='ocrx_word' id='word_1_141' title='bbox 870 2140 926 2184; x_wconf 92' lang='lat' dir='ltr'>no·</span> <span class='ocrx_word' id='word_1_142' title='bbox 1044 2110 1161 2181; x_wconf 78' lang='lat' dir='ltr'>ibidem</span> <span class='ocrx_word' id='word_1_143' title='bbox 1202 2113 1397 2183; x_wconf 70' lang='lat' dir='ltr'>dominatrix</span> <span class='ocrx_word' id='word_1_144' title='bbox 1430 2106 1478 2189; x_wconf 58' lang='grc' dir='ltr'>(θ’</span> <span class='ocrx_word' id='word_1_145' title='bbox 1512 2107 1690 2181; x_wconf 55' lang='lat' dir='ltr'>mimi*</span> <span class='ocrx_word' id='word_1_146' title='bbox 1712 2125 1808 2200; x_wconf 63' lang='lat' dir='ltr'>‘&#39;ibi“</span> 
     </span>
     <span class='ocr_line' id='line_1_16' title="bbox 153 2201 1808 2308; baseline 0.021 -38"><span class='ocrx_word' id='word_1_147' title='bbox 153 2202 241 2291; x_wconf 77' lang='lat' dir='ltr'>strae</span> <span class='ocrx_word' id='word_1_148' title='bbox 258 2201 439 2295; x_wconf 87' lang='lat' dir='ltr'>fidelitatis</span> <span class='ocrx_word' id='word_1_149' title='bbox 464 2207 606 2303; x_wconf 82' lang='lat' dir='ltr'>obsequia</span> <span class='ocrx_word' id='word_1_150' title='bbox 632 2212 809 2283; x_wconf 82' lang='lat' dir='ltr'>reddimus.</span> <span class='ocrx_word' id='word_1_151' title='bbox 836 2221 925 2308; x_wconf 73' lang='lat' dir='ltr'>Quo·</span> <span class='ocrx_word' id='word_1_152' title='bbox 1044 2211 1161 2282; x_wconf 62' lang='lat' dir='ltr'>rcflrlx</span> <span class='ocrx_word' id='word_1_153' title='bbox 1195 2212 1351 2307; x_wconf 63' lang='lat' dir='ltr'>lwlgll‘i</span> <span class='ocrx_word' id='word_1_154' title='bbox 1382 2230 1420 2281; x_wconf 58' lang='grc' dir='ltr'>’ὅθ</span> <span class='ocrx_word' id='word_1_155' title='bbox 1456 2230 1641 2302; x_wconf 63' lang='lat' dir='ltr'>immi</span> <span class='ocrx_word' id='word_1_156' title='bbox 1652 2264 1664 2300; x_wconf 80' lang='lat' dir='ltr'>n</span> <span class='ocrx_word' id='word_1_157' title='bbox 1712 2210 1808 2280; x_wconf 62' lang='lat' dir='ltr'>‘im‘</span> 
     </span>
     <span class='ocr_line' id='line_1_17' title="bbox 158 2302 1805 2412; baseline 0.015 -38"><span class='ocrx_word' id='word_1_158' title='bbox 158 2303 241 2375; x_wconf 85' lang='lat' dir='ltr'>eirea</span> <span class='ocrx_word' id='word_1_159' title='bbox 266 2305 405 2377; x_wconf 89' lang='lat' dir='ltr'>omnium</span> <span class='ocrx_word' id='word_1_160' title='bbox 431 2309 627 2400; x_wconf 77' lang='lat' dir='ltr'>universalis</span> <span class='ocrx_word' id='word_1_161' title='bbox 644 2313 817 2412; x_wconf 56' lang='lat' dir='ltr'>locustae</span> <span class='ocrx_word' id='word_1_162' title='bbox 834 2312 924 2404; x_wconf 76' lang='lat' dir='ltr'>side-</span> <span class='ocrx_word' id='word_1_163' title='bbox 1043 2312 1111 2403; x_wconf 76' lang='lat' dir='ltr'>ejas</span> <span class='ocrx_word' id='word_1_164' title='bbox 1130 2311 1233 2402; x_wconf 75' lang='lat' dir='ltr'>suerit</span> <span class='ocrx_word' id='word_1_165' title='bbox 1256 2311 1350 2384; x_wconf 90' lang='lat' dir='ltr'>vita.</span> <span class='ocrx_word' id='word_1_166' title='bbox 1389 2315 1453 2380; x_wconf 83' lang='lat' dir='ltr'>Per</span> <span class='ocrx_word' id='word_1_167' title='bbox 1490 2302 1573 2406; x_wconf 77' lang='lat' dir='ltr'>quod</span> <span class='ocrx_word' id='word_1_168' title='bbox 1606 2311 1704 2382; x_wconf 67' lang='lat' dir='ltr'>ellam</span> <span class='ocrx_word' id='word_1_169' title='bbox 1735 2307 1805 2398; x_wconf 61' lang='lat' dir='ltr'>lam</span> 
     </span>
    </p>
   </div>
   <div class='ocr_carea' id='block_1_8' title="bbox 154 2405 1960 2509">
    <p class='ocr_par' dir='ltr' id='par_1_9' title="bbox 154 2405 1960 2509">
     <span class='ocr_line' id='line_1_18' title="bbox 154 2405 1960 2509; baseline 0.003 -35"><span class='ocrx_word' id='word_1_170' title='bbox 154 2405 236 2476; x_wconf 90' lang='lat' dir='ltr'>lium</span> <span class='ocrx_word' id='word_1_171' title='bbox 263 2406 453 2493; x_wconf 77' lang='lat' dir='ltr'>nostrorum,</span> <span class='ocrx_word' id='word_1_172' title='bbox 479 2411 631 2483; x_wconf 87' lang='lat' dir='ltr'>videlieet</span> <span class='ocrx_word' id='word_1_173' title='bbox 653 2416 864 2509; x_wconf 75' lang='lat' dir='ltr'>praesentium</span> <span class='ocrx_word' id='word_1_174' title='bbox 890 2446 926 2489; x_wconf 92' lang='lat' dir='ltr'>ae</span> <span class='ocrx_word' id='word_1_175' title='bbox 1040 2411 1250 2505; x_wconf 80' lang='lat' dir='ltr'>praescriptas</span> <span class='ocrx_word' id='word_1_176' title='bbox 1280 2411 1459 2484; x_wconf 79' lang='lat' dir='ltr'>venerabili</span> <span class='ocrx_word' id='word_1_177' title='bbox 1493 2411 1557 2481; x_wconf 88' lang='lat' dir='ltr'>loca</span> <span class='ocrx_word' id='word_1_178' title='bbox 1589 2411 1780 2483; x_wconf 79' lang='lat' dir='ltr'>concedimus</span> <span class='ocrx_word' id='word_1_179' title='bbox 1792 2458 1806 2492; x_wconf 82' lang='lat'>‚</span> <span class='ocrx_word' id='word_1_180' title='bbox 1868 2446 1871 2451; x_wconf 94' lang='lat'>·</span> <span class='ocrx_word' id='word_1_181' title='bbox 1956 2492 1960 2500; x_wconf 21' lang='lat'>²</span> 
     </span>
    </p>
   </div>
   <div class='ocr_carea' id='block_1_9' title="bbox 82 2507 1807 2919">
    <p class='ocr_par' dir='ltr' id='par_1_10' title="bbox 82 2507 1807 2919">
     <span class='ocr_line' id='line_1_19' title="bbox 82 2507 1807 2613; baseline 0.003 -37"><span class='ocrx_word' id='word_1_182' title='bbox 82 2581 85 2585; x_wconf 60' lang='grc'>,</span> <span class='ocrx_word' id='word_1_183' title='bbox 151 2507 333 2598; x_wconf 73' lang='lat' dir='ltr'>futurorum</span> <span class='ocrx_word' id='word_1_184' title='bbox 381 2511 506 2580; x_wconf 84' lang='lat' dir='ltr'>noverit</span> <span class='ocrx_word' id='word_1_185' title='bbox 557 2513 737 2603; x_wconf 82' lang='lat' dir='ltr'>indullria,</span> <span class='ocrx_word' id='word_1_186' title='bbox 788 2519 926 2613; x_wconf 73' lang='lat' dir='ltr'>qualiter</span> <span class='ocrx_word' id='word_1_187' title='bbox 1042 2542 1079 2586; x_wconf 89' lang='lat' dir='ltr'>ae</span> <span class='ocrx_word' id='word_1_188' title='bbox 1102 2512 1322 2605; x_wconf 72' lang='lat' dir='ltr'>confirmamus</span> <span class='ocrx_word' id='word_1_189' title='bbox 1345 2536 1447 2583; x_wconf 84' lang='lat' dir='ltr'>omnes</span> <span class='ocrx_word' id='word_1_190' title='bbox 1472 2537 1522 2582; x_wconf 88' lang='lat' dir='ltr'>res</span> <span class='ocrx_word' id='word_1_191' title='bbox 1545 2540 1583 2584; x_wconf 85' lang='lat' dir='ltr'>ae</span> <span class='ocrx_word' id='word_1_192' title='bbox 1616 2509 1807 2608; x_wconf 74' lang='lat' dir='ltr'>poffeffionos</span> 
     </span>
     <span class='ocr_line' id='line_1_20' title="bbox 157 2611 1805 2716; baseline 0.001 -33"><span class='ocrx_word' id='word_1_193' title='bbox 157 2611 375 2707; x_wconf 87' lang='lat' dir='ltr'>Lantpertus</span> <span class='ocrx_word' id='word_1_194' title='bbox 417 2611 692 2689; x_wconf 86' lang='lat' dir='ltr'>Mediolanenfis</span> <span class='ocrx_word' id='word_1_195' title='bbox 733 2616 925 2716; x_wconf 87' lang='lat' dir='ltr'>Archiepi-</span> <span class='ocrx_word' id='word_1_196' title='bbox 1042 2616 1172 2687; x_wconf 89' lang='lat' dir='ltr'>mobiles</span> <span class='ocrx_word' id='word_1_197' title='bbox 1203 2642 1241 2688; x_wconf 89' lang='lat' dir='ltr'>ac</span> <span class='ocrx_word' id='word_1_198' title='bbox 1274 2614 1473 2702; x_wconf 79' lang='lat' dir='ltr'>immobiles,</span> <span class='ocrx_word' id='word_1_199' title='bbox 1512 2632 1580 2684; x_wconf 92' lang='lat' dir='ltr'>tam</span> <span class='ocrx_word' id='word_1_200' title='bbox 1602 2635 1660 2710; x_wconf 91' lang='lat' dir='ltr'>per</span> <span class='ocrx_word' id='word_1_201' title='bbox 1684 2619 1805 2686; x_wconf 84' lang='lat' dir='ltr'>Carru-</span> 
     </span>
     <span class='ocr_line' id='line_1_21' title="bbox 155 2706 1805 2813; baseline 0.011 -31"><span class='ocrx_word' id='word_1_202' title='bbox 155 2706 305 2805; x_wconf 82' lang='lat' dir='ltr'>scopus,</span> <span class='ocrx_word' id='word_1_203' title='bbox 346 2709 394 2789; x_wconf 74' lang='lat' dir='ltr'>dr</span> <span class='ocrx_word' id='word_1_204' title='bbox 431 2713 645 2791; x_wconf 81' lang='lat' dir='ltr'>Adalbertus</span> <span class='ocrx_word' id='word_1_205' title='bbox 666 2715 801 2811; x_wconf 70' lang='lat' dir='ltr'>sanotae</span> <span class='ocrx_word' id='word_1_206' title='bbox 827 2719 925 2795; x_wconf 86' lang='lat' dir='ltr'>sedis</span> <span class='ocrx_word' id='word_1_207' title='bbox 965 2739 998 2812; x_wconf 76' lang='lat' dir='ltr'>c</span> <span class='ocrx_word' id='word_1_208' title='bbox 1041 2717 1112 2798; x_wconf 81' lang='lat' dir='ltr'>tas,</span> <span class='ocrx_word' id='word_1_209' title='bbox 1146 2742 1301 2813; x_wconf 81' lang='lat' dir='ltr'>quamque</span> <span class='ocrx_word' id='word_1_210' title='bbox 1333 2708 1422 2788; x_wconf 67' lang='lat' dir='ltr'>eitra</span> <span class='ocrx_word' id='word_1_211' title='bbox 1446 2722 1623 2805; x_wconf 68' lang='lat' dir='ltr'>Canales,</span> <span class='ocrx_word' id='word_1_212' title='bbox 1655 2715 1711 2786; x_wconf 76' lang='lat' dir='ltr'>vel</span> <span class='ocrx_word' id='word_1_213' title='bbox 1736 2714 1805 2786; x_wconf 75' lang='lat' dir='ltr'>aua·-</span> 
     </span>
     <span class='ocr_line' id='line_1_22' title="bbox 154 2811 1807 2919; baseline 0.002 -36"><span class='ocrx_word' id='word_1_214' title='bbox 154 2811 394 2907; x_wconf 78' lang='lat' dir='ltr'>Bsrgomenfis</span> <span class='ocrx_word' id='word_1_215' title='bbox 431 2814 648 2919; x_wconf 81' lang='lat' dir='ltr'>Episcopus,</span> <span class='ocrx_word' id='word_1_216' title='bbox 695 2847 750 2892; x_wconf 87' lang='lat' dir='ltr'>neo</span> <span class='ocrx_word' id='word_1_217' title='bbox 789 2849 851 2893; x_wconf 90' lang='lat' dir='ltr'>non</span> <span class='ocrx_word' id='word_1_218' title='bbox 877 2819 925 2900; x_wconf 67' lang='lat' dir='ltr'>dr</span> <span class='ocrx_word' id='word_1_219' title='bbox 1041 2843 1167 2913; x_wconf 85' lang='lat' dir='ltr'>eumque</span> <span class='ocrx_word' id='word_1_220' title='bbox 1206 2817 1416 2913; x_wconf 81' lang='lat' dir='ltr'>inscriptionis</span> <span class='ocrx_word' id='word_1_221' title='bbox 1466 2816 1563 2888; x_wconf 86' lang='lat' dir='ltr'>ritulo</span> <span class='ocrx_word' id='word_1_222' title='bbox 1602 2817 1649 2888; x_wconf 85' lang='lat' dir='ltr'>ad</span> <span class='ocrx_word' id='word_1_223' title='bbox 1681 2836 1807 2913; x_wconf 88' lang='lat' dir='ltr'>partem</span> 
     </span>
    </p>
   </div>
   <div class='ocr_carea' id='block_1_10' title="bbox 155 2912 2014 3015">
    <p class='ocr_par' dir='ltr' id='par_1_11' title="bbox 155 2912 2014 3015">
     <span class='ocr_line' id='line_1_23' title="bbox 155 2912 2014 3015; baseline 0.009 -30"><span class='ocrx_word' id='word_1_224' title='bbox 155 2912 364 2988; x_wconf 61' lang='lat' dir='ltr'>Bonifacius</span> <span class='ocrx_word' id='word_1_225' title='bbox 391 2916 557 2993; x_wconf 85' lang='lat' dir='ltr'>Marchio</span> <span class='ocrx_word' id='word_1_226' title='bbox 598 2921 751 3002; x_wconf 88' lang='lat' dir='ltr'>inolitus,</span> <span class='ocrx_word' id='word_1_227' title='bbox 791 2921 926 3011; x_wconf 79' lang='lat' dir='ltr'>nallram</span> <span class='ocrx_word' id='word_1_228' title='bbox 1041 2918 1138 3015; x_wconf 81' lang='lat' dir='ltr'>ipfius</span> <span class='ocrx_word' id='word_1_229' title='bbox 1163 2919 1354 3005; x_wconf 77' lang='lat' dir='ltr'>Mmasterii</span> <span class='ocrx_word' id='word_1_230' title='bbox 1387 2917 1511 3015; x_wconf 80' lang='lat' dir='ltr'>legibus</span> <span class='ocrx_word' id='word_1_231' title='bbox 1544 2916 1723 3015; x_wconf 79' lang='lat' dir='ltr'>adqaistras</span> <span class='ocrx_word' id='word_1_232' title='bbox 1757 2915 1808 2998; x_wconf 74' lang='lat'>&amp;⁹</span> <span class='ocrx_word' id='word_1_233' title='bbox 1955 2998 1958 3005; x_wconf 89' lang='grc'><strong>,</strong></span> <span class='ocrx_word' id='word_1_234' title='bbox 2008 2955 2014 2967; x_wconf 94' lang='grc'><em>·</em></span> 
     </span>
    </p>
   </div>
   <div class='ocr_carea' id='block_1_11' title="bbox 146 3012 1837 4337">
    <p class='ocr_par' dir='ltr' id='par_1_12' title="bbox 146 3012 1837 4337">
     <span class='ocr_line' id='line_1_24' title="bbox 146 3012 1807 3120; baseline 0.005 -37"><span class='ocrx_word' id='word_1_235' title='bbox 146 3012 337 3108; x_wconf 78' lang='lat' dir='ltr'>suppliciter</span> <span class='ocrx_word' id='word_1_236' title='bbox 354 3043 563 3092; x_wconf 74' lang='lat' dir='ltr'>exoraverunt</span> <span class='ocrx_word' id='word_1_237' title='bbox 587 3021 818 3116; x_wconf 80' lang='lat' dir='ltr'>Majtslatem,</span> <span class='ocrx_word' id='word_1_238' title='bbox 844 3050 926 3120; x_wconf 84' lang='lat' dir='ltr'>qua·</span> <span class='ocrx_word' id='word_1_239' title='bbox 1040 3020 1277 3117; x_wconf 80' lang='lat' dir='ltr'>adquirendos,</span> <span class='ocrx_word' id='word_1_240' title='bbox 1306 3021 1364 3112; x_wconf 77' lang='lat' dir='ltr'>seu</span> <span class='ocrx_word' id='word_1_241' title='bbox 1402 3020 1562 3116; x_wconf 89' lang='lat' dir='ltr'>quidquid</span> <span class='ocrx_word' id='word_1_242' title='bbox 1596 3046 1655 3116; x_wconf 85' lang='lat' dir='ltr'>prr</span> <span class='ocrx_word' id='word_1_243' title='bbox 1680 3027 1807 3115; x_wconf 84' lang='lat' dir='ltr'>Regum</span> 
     </span>
     <span class='ocr_line' id='line_1_25' title="bbox 152 3117 1807 3220; baseline 0.005 -35"><span class='ocrx_word' id='word_1_244' title='bbox 152 3135 245 3186; x_wconf 83' lang='lat' dir='ltr'>tenus</span> <span class='ocrx_word' id='word_1_245' title='bbox 270 3121 309 3189; x_wconf 86' lang='lat' dir='ltr'>sb</span> <span class='ocrx_word' id='word_1_246' title='bbox 342 3146 478 3192; x_wconf 88' lang='lat' dir='ltr'>amarent</span> <span class='ocrx_word' id='word_1_247' title='bbox 508 3122 666 3220; x_wconf 76' lang='lat' dir='ltr'>supernae</span> <span class='ocrx_word' id='word_1_248' title='bbox 699 3125 924 3197; x_wconf 90' lang='lat' dir='ltr'>remuneratio-</span> <span class='ocrx_word' id='word_1_249' title='bbox 1040 3124 1097 3192; x_wconf 89' lang='lat' dir='ltr'>vel</span> <span class='ocrx_word' id='word_1_250' title='bbox 1134 3122 1358 3219; x_wconf 76' lang='lat' dir='ltr'>Imperatorum</span> <span class='ocrx_word' id='word_1_251' title='bbox 1396 3117 1614 3215; x_wconf 75' lang='lat' dir='ltr'>anteeeffarum</span> <span class='ocrx_word' id='word_1_252' title='bbox 1637 3120 1807 3207; x_wconf 79' lang='lat' dir='ltr'>noslrorum</span> 
     </span>
     <span class='ocr_line' id='line_1_26' title="bbox 153 3217 1807 3322; baseline 0.004 -37"><span class='ocrx_word' id='word_1_253' title='bbox 153 3217 226 3299; x_wconf 89' lang='lat' dir='ltr'>nis,</span> <span class='ocrx_word' id='word_1_254' title='bbox 251 3241 309 3308; x_wconf 92' lang='lat' dir='ltr'>per</span> <span class='ocrx_word' id='word_1_255' title='bbox 335 3220 430 3301; x_wconf 78' lang='lat' dir='ltr'>nollri</span> <span class='ocrx_word' id='word_1_256' title='bbox 455 3226 622 3321; x_wconf 85' lang='lat' dir='ltr'>Praecepti</span> <span class='ocrx_word' id='word_1_257' title='bbox 645 3227 802 3322; x_wconf 84' lang='lat' dir='ltr'>paginam</span> <span class='ocrx_word' id='word_1_258' title='bbox 828 3232 927 3321; x_wconf 88' lang='lat' dir='ltr'>quod-</span> <span class='ocrx_word' id='word_1_259' title='bbox 1042 3230 1213 3316; x_wconf 83' lang='lat' dir='ltr'>Praecepta</span> <span class='ocrx_word' id='word_1_260' title='bbox 1236 3226 1280 3292; x_wconf 90' lang='lat' dir='ltr'>ad</span> <span class='ocrx_word' id='word_1_261' title='bbox 1305 3229 1446 3291; x_wconf 87' lang='lat' dir='ltr'>eumdem</span> <span class='ocrx_word' id='word_1_262' title='bbox 1465 3223 1590 3311; x_wconf 85' lang='lat' dir='ltr'>sacrum</span> <span class='ocrx_word' id='word_1_263' title='bbox 1617 3226 1718 3292; x_wconf 90' lang='lat' dir='ltr'>locum</span> <span class='ocrx_word' id='word_1_264' title='bbox 1742 3223 1807 3292; x_wconf 89' lang='lat' dir='ltr'>col-</span> 
     </span>
     <span class='ocr_line' id='line_1_27' title="bbox 158 3319 1808 3416; baseline 0.003 -29"><span class='ocrx_word' id='word_1_265' title='bbox 158 3323 235 3387; x_wconf 85' lang='lat' dir='ltr'>dam</span> <span class='ocrx_word' id='word_1_266' title='bbox 261 3319 491 3405; x_wconf 73' lang='lat' dir='ltr'>Monafleriunt</span> <span class='ocrx_word' id='word_1_267' title='bbox 517 3324 607 3412; x_wconf 79' lang='lat' dir='ltr'>infra</span> <span class='ocrx_word' id='word_1_268' title='bbox 639 3329 820 3396; x_wconf 84' lang='lat' dir='ltr'>Civitatem</span> <span class='ocrx_word' id='word_1_269' title='bbox 845 3326 928 3395; x_wconf 89' lang='lat' dir='ltr'>Pla·</span> <span class='ocrx_word' id='word_1_270' title='bbox 1041 3321 1144 3390; x_wconf 89' lang='lat' dir='ltr'>latum</span> <span class='ocrx_word' id='word_1_271' title='bbox 1177 3320 1244 3406; x_wconf 75' lang='lat' dir='ltr'>esi:</span> <span class='ocrx_word' id='word_1_272' title='bbox 1282 3324 1386 3416; x_wconf 91' lang='lat' dir='ltr'>adque</span> <span class='ocrx_word' id='word_1_273' title='bbox 1424 3321 1583 3391; x_wconf 79' lang='lat' dir='ltr'>cellulam</span> <span class='ocrx_word' id='word_1_274' title='bbox 1608 3323 1808 3416; x_wconf 84' lang='lat' dir='ltr'>quamdam,</span> 
     </span>
     <span class='ocr_line' id='line_1_28' title="bbox 157 3418 1807 3517; baseline 0.003 -27"><span class='ocrx_word' id='word_1_275' title='bbox 157 3418 347 3507; x_wconf 82' lang='lat' dir='ltr'>sentinam,</span> <span class='ocrx_word' id='word_1_276' title='bbox 384 3446 408 3491; x_wconf 84' lang='lat' dir='ltr'>a</span> <span class='ocrx_word' id='word_1_277' title='bbox 440 3423 551 3494; x_wconf 85' lang='lat' dir='ltr'>beatae</span> <span class='ocrx_word' id='word_1_278' title='bbox 582 3422 734 3496; x_wconf 83' lang='lat' dir='ltr'>videlieet</span> <span class='ocrx_word' id='word_1_279' title='bbox 768 3420 929 3497; x_wconf 69' lang='lat' dir='ltr'>numeriae</span> <span class='ocrx_word' id='word_1_280' title='bbox 1040 3446 1122 3516; x_wconf 84' lang='lat' dir='ltr'>quae</span> <span class='ocrx_word' id='word_1_281' title='bbox 1144 3421 1325 3517; x_wconf 84' lang='lat' dir='ltr'>antiquitus</span> <span class='ocrx_word' id='word_1_282' title='bbox 1359 3420 1591 3509; x_wconf 81' lang='lat' dir='ltr'>Monallerium</span> <span class='ocrx_word' id='word_1_283' title='bbox 1623 3424 1807 3508; x_wconf 80' lang='lat' dir='ltr'>dicebatur,</span> 
     </span>
     <span class='ocr_line' id='line_1_29' title="bbox 157 3516 1807 3619; baseline 0.002 -27"><span class='ocrx_word' id='word_1_284' title='bbox 157 3519 380 3619; x_wconf 83' lang='lat' dir='ltr'>Angilberga</span> <span class='ocrx_word' id='word_1_285' title='bbox 421 3516 655 3615; x_wconf 77' lang='lat' dir='ltr'>imperatrice</span> <span class='ocrx_word' id='word_1_286' title='bbox 693 3521 927 3610; x_wconf 63' lang='lat' dir='ltr'>condendum,</span> <span class='ocrx_word' id='word_1_287' title='bbox 1040 3547 1102 3591; x_wconf 87' lang='lat' dir='ltr'>non</span> <span class='ocrx_word' id='word_1_288' title='bbox 1133 3523 1244 3618; x_wconf 89' lang='lat' dir='ltr'>procul</span> <span class='ocrx_word' id='word_1_289' title='bbox 1277 3550 1299 3594; x_wconf 88' lang='lat' dir='ltr'>a</span> <span class='ocrx_word' id='word_1_290' title='bbox 1339 3523 1530 3595; x_wconf 86' lang='lat' dir='ltr'>Placentina</span> <span class='ocrx_word' id='word_1_291' title='bbox 1570 3526 1653 3594; x_wconf 82' lang='lat' dir='ltr'>Urbe</span> <span class='ocrx_word' id='word_1_292' title='bbox 1684 3522 1807 3609; x_wconf 85' lang='lat' dir='ltr'>litum,</span> 
     </span>
     <span class='ocr_line' id='line_1_30' title="bbox 156 3620 1807 3722; baseline 0.005 -31"><span class='ocrx_word' id='word_1_293' title='bbox 156 3621 201 3691; x_wconf 66' lang='grc' dir='ltr'>θ’</span> <span class='ocrx_word' id='word_1_294' title='bbox 230 3626 263 3691; x_wconf 85' lang='lat' dir='ltr'>in</span> <span class='ocrx_word' id='word_1_295' title='bbox 290 3621 432 3692; x_wconf 88' lang='lat' dir='ltr'>bonorem</span> <span class='ocrx_word' id='word_1_296' title='bbox 457 3620 572 3694; x_wconf 66' lang='lat' dir='ltr'>tanus·</span> <span class='ocrx_word' id='word_1_297' title='bbox 598 3620 693 3714; x_wconf 71' lang='lat' dir='ltr'>xysta·</span> <span class='ocrx_word' id='word_1_298' title='bbox 718 3622 925 3705; x_wconf 79' lang='lat' dir='ltr'>dedicatum,</span> <span class='ocrx_word' id='word_1_299' title='bbox 967 3646 1003 3715; x_wconf 82' lang='lat'>1)</span> <span class='ocrx_word' id='word_1_300' title='bbox 1038 3621 1186 3718; x_wconf 85' lang='lat' dir='ltr'>incoqui</span> <span class='ocrx_word' id='word_1_301' title='bbox 1210 3629 1321 3713; x_wconf 82' lang='lat' dir='ltr'>Caput</span> <span class='ocrx_word' id='word_1_302' title='bbox 1345 3623 1481 3694; x_wconf 84' lang='lat' dir='ltr'>Trebiae</span> <span class='ocrx_word' id='word_1_303' title='bbox 1504 3647 1661 3712; x_wconf 87' lang='lat' dir='ltr'>vocatur,</span> <span class='ocrx_word' id='word_1_304' title='bbox 1687 3624 1722 3695; x_wconf 91' lang='lat' dir='ltr'>in</span> <span class='ocrx_word' id='word_1_305' title='bbox 1743 3653 1807 3722; x_wconf 88' lang='lat' dir='ltr'>qua</span> 
     </span>
     <span class='ocr_line' id='line_1_31' title="bbox 154 3721 1807 3823; baseline 0.003 -29"><span class='ocrx_word' id='word_1_306' title='bbox 154 3722 282 3795; x_wconf 78' lang='lat' dir='ltr'>Bertae</span> <span class='ocrx_word' id='word_1_307' title='bbox 312 3721 550 3818; x_wconf 77' lang='lat' dir='ltr'>gloriosiffimae</span> <span class='ocrx_word' id='word_1_308' title='bbox 589 3723 793 3799; x_wconf 82' lang='lat' dir='ltr'>Abbatiliae</span> <span class='ocrx_word' id='word_1_309' title='bbox 826 3728 926 3799; x_wconf 88' lang='lat' dir='ltr'>Con·</span> <span class='ocrx_word' id='word_1_310' title='bbox 1025 3723 1180 3820; x_wconf 14' lang='lat' dir='ltr'>*Ecclefia</span> <span class='ocrx_word' id='word_1_311' title='bbox 1222 3723 1445 3819; x_wconf 74' lang='lat' dir='ltr'>Apostolorum</span> <span class='ocrx_word' id='word_1_312' title='bbox 1492 3725 1656 3823; x_wconf 86' lang='lat' dir='ltr'>Principis</span> <span class='ocrx_word' id='word_1_313' title='bbox 1695 3726 1807 3799; x_wconf 89' lang='lat' dir='ltr'>bonore</span> 
     </span>
     <span class='ocr_line' id='line_1_32' title="bbox 155 3821 1807 3924; baseline 0.002 -28"><span class='ocrx_word' id='word_1_314' title='bbox 155 3821 366 3923; x_wconf 78' lang='lat' dir='ltr'>sanguineae</span> <span class='ocrx_word' id='word_1_315' title='bbox 393 3821 547 3906; x_wconf 83' lang='lat' dir='ltr'>nostrae,</span> <span class='ocrx_word' id='word_1_316' title='bbox 585 3852 654 3897; x_wconf 85' lang='lat' dir='ltr'>cuns</span> <span class='ocrx_word' id='word_1_317' title='bbox 679 3826 822 3898; x_wconf 89' lang='lat' dir='ltr'>omnibus</span> <span class='ocrx_word' id='word_1_318' title='bbox 859 3827 926 3915; x_wconf 79' lang='lat' dir='ltr'>suis</span> <span class='ocrx_word' id='word_1_319' title='bbox 1038 3825 1147 3898; x_wconf 88' lang='lat' dir='ltr'>dicata</span> <span class='ocrx_word' id='word_1_320' title='bbox 1171 3824 1329 3911; x_wconf 83' lang='lat' dir='ltr'>eonfijlit,</span> <span class='ocrx_word' id='word_1_321' title='bbox 1354 3853 1422 3896; x_wconf 84' lang='lat' dir='ltr'>eum</span> <span class='ocrx_word' id='word_1_322' title='bbox 1447 3828 1590 3898; x_wconf 87' lang='lat' dir='ltr'>omnibus</span> <span class='ocrx_word' id='word_1_323' title='bbox 1626 3826 1710 3898; x_wconf 90' lang='lat' dir='ltr'>inibi</span> <span class='ocrx_word' id='word_1_324' title='bbox 1733 3851 1807 3924; x_wconf 85' lang='lat' dir='ltr'>per-</span> 
     </span>
     <span class='ocr_line' id='line_1_33' title="bbox 149 3923 1805 4022; baseline 0.005 -27"><span class='ocrx_word' id='word_1_325' title='bbox 149 3925 355 4017; x_wconf 84' lang='lat' dir='ltr'>pertinentiis</span> <span class='ocrx_word' id='word_1_326' title='bbox 376 3923 557 4016; x_wconf 82' lang='lat' dir='ltr'>confirmare</span> <span class='ocrx_word' id='word_1_327' title='bbox 578 3927 809 4022; x_wconf 85' lang='lat' dir='ltr'>dignoremur,</span> <span class='ocrx_word' id='word_1_328' title='bbox 827 3927 926 4014; x_wconf 84' lang='lat' dir='ltr'>fimul</span> <span class='ocrx_word' id='word_1_329' title='bbox 1039 3926 1240 4017; x_wconf 77' lang='lat' dir='ltr'>sinentibus,</span> <span class='ocrx_word' id='word_1_330' title='bbox 1266 3930 1523 4022; x_wconf 85' lang='lat' dir='ltr'>quemadmodum</span> <span class='ocrx_word' id='word_1_331' title='bbox 1542 3928 1805 4004; x_wconf 81' lang='lat' dir='ltr'>Karlomannue</span> 
     </span>
     <span class='ocr_line' id='line_1_34' title="bbox 151 4023 1805 4124; baseline 0.004 -28"><span class='ocrx_word' id='word_1_332' title='bbox 151 4052 271 4122; x_wconf 85' lang='lat' dir='ltr'>queque</span> <span class='ocrx_word' id='word_1_333' title='bbox 295 4023 500 4109; x_wconf 72' lang='lat' dir='ltr'>roborantes,</span> <span class='ocrx_word' id='word_1_334' title='bbox 526 4029 570 4097; x_wconf 62' lang='grc' dir='ltr'><em>θ</em></span> <span class='ocrx_word' id='word_1_335' title='bbox 593 4034 627 4098; x_wconf 91' lang='lat' dir='ltr'>in</span> <span class='ocrx_word' id='word_1_336' title='bbox 650 4047 838 4124; x_wconf 83' lang='lat' dir='ltr'>perpetuum</span> <span class='ocrx_word' id='word_1_337' title='bbox 854 4054 925 4098; x_wconf 88' lang='lat' dir='ltr'>eon-</span> <span class='ocrx_word' id='word_1_338' title='bbox 1034 4028 1244 4120; x_wconf 79' lang='lat' dir='ltr'>sereniffirnus</span> <span class='ocrx_word' id='word_1_339' title='bbox 1270 4031 1347 4100; x_wconf 87' lang='lat' dir='ltr'>Rex</span> <span class='ocrx_word' id='word_1_340' title='bbox 1372 4027 1556 4124; x_wconf 87' lang='lat' dir='ltr'>antiquitus</span> <span class='ocrx_word' id='word_1_341' title='bbox 1572 4034 1713 4100; x_wconf 78' lang='lat' dir='ltr'>eamdem</span> <span class='ocrx_word' id='word_1_342' title='bbox 1728 4032 1805 4102; x_wconf 82' lang='lat' dir='ltr'>Cel·</span> 
     </span>
     <span class='ocr_line' id='line_1_35' title="bbox 153 4127 1837 4225; baseline 0.001 -26"><span class='ocrx_word' id='word_1_343' title='bbox 153 4134 296 4199; x_wconf 84' lang='lat' dir='ltr'>cedentes</span> <span class='ocrx_word' id='word_1_344' title='bbox 320 4128 421 4199; x_wconf 85' lang='lat' dir='ltr'>eidem</span> <span class='ocrx_word' id='word_1_345' title='bbox 448 4128 645 4216; x_wconf 77' lang='lat' dir='ltr'>Monaslerio</span> <span class='ocrx_word' id='word_1_346' title='bbox 663 4129 816 4225; x_wconf 76' lang='lat' dir='ltr'>quasdam</span> <span class='ocrx_word' id='word_1_347' title='bbox 833 4132 926 4203; x_wconf 85' lang='lat' dir='ltr'>Cur·</span> <span class='ocrx_word' id='word_1_348' title='bbox 1039 4130 1141 4200; x_wconf 89' lang='lat' dir='ltr'>lulam</span> <span class='ocrx_word' id='word_1_349' title='bbox 1166 4156 1237 4200; x_wconf 88' lang='lat' dir='ltr'>eum</span> <span class='ocrx_word' id='word_1_350' title='bbox 1261 4127 1421 4212; x_wconf 73' lang='lat' dir='ltr'>unionfie</span> <span class='ocrx_word' id='word_1_351' title='bbox 1439 4130 1512 4221; x_wconf 70' lang='lat' dir='ltr'>Juis</span> <span class='ocrx_word' id='word_1_352' title='bbox 1535 4132 1732 4224; x_wconf 78' lang='lat' dir='ltr'>appendiciis</span> <span class='ocrx_word' id='word_1_353' title='bbox 1758 4132 1806 4201; x_wconf 90' lang='lat' dir='ltr'>ei·</span> <span class='ocrx_word' id='word_1_354' title='bbox 1833 4192 1837 4200; x_wconf 93' lang='lat'>.</span> 
     </span>
     <span class='ocr_line' id='line_1_36' title="bbox 152 4228 1805 4337; baseline -0.002 -33"><span class='ocrx_word' id='word_1_355' title='bbox 152 4247 228 4317; x_wconf 86' lang='lat' dir='ltr'>tes,</span> <span class='ocrx_word' id='word_1_356' title='bbox 271 4229 539 4306; x_wconf 81' lang='lat' dir='ltr'>Wardestallam</span> <span class='ocrx_word' id='word_1_357' title='bbox 591 4228 757 4318; x_wconf 88' lang='lat' dir='ltr'>scilicet,</span> <span class='ocrx_word' id='word_1_358' title='bbox 810 4235 926 4306; x_wconf 81' lang='lat' dir='ltr'>Luna·</span> <span class='ocrx_word' id='word_1_359' title='bbox 1039 4237 1110 4302; x_wconf 83' lang='lat' dir='ltr'>dem</span> <span class='ocrx_word' id='word_1_360' title='bbox 1137 4230 1332 4319; x_wconf 79' lang='lat' dir='ltr'>Monaslerio</span> <span class='ocrx_word' id='word_1_361' title='bbox 1354 4231 1562 4333; x_wconf 83' lang='lat' dir='ltr'>proprietario</span> <span class='ocrx_word' id='word_1_362' title='bbox 1581 4232 1667 4337; x_wconf 29' lang='lat' dir='ltr'>&#39;jure</span> <span class='ocrx_word' id='word_1_363' title='bbox 1700 4231 1805 4328; x_wconf 88' lang='lat' dir='ltr'>largi·</span> 
     </span>
    </p>
   </div>
   <div class='ocr_carea' id='block_1_12' title="bbox 10 4315 1807 4430">
    <p class='ocr_par' dir='ltr' id='par_1_13' title="bbox 10 4315 1807 4430">
     <span class='ocr_line' id='line_1_37' title="bbox 10 4315 1807 4430; baseline -0.001 -24"><span class='ocrx_word' id='word_1_364' title='bbox 10 4399 12 4406; x_wconf 93' lang='lat'><em>.</em></span> <span class='ocrx_word' id='word_1_365' title='bbox 151 4332 269 4412; x_wconf 66' lang='lat' dir='ltr'>dam,</span> <span class='ocrx_word' id='word_1_366' title='bbox 306 4331 459 4408; x_wconf 71' lang='lat' dir='ltr'>Leiiora</span> <span class='ocrx_word' id='word_1_367' title='bbox 498 4329 701 4421; x_wconf 84' lang='lat' dir='ltr'>Paludana,</span> <span class='ocrx_word' id='word_1_368' title='bbox 741 4315 925 4418; x_wconf 74' lang='lat' dir='ltr'>villulae,</span> <span class='ocrx_word' id='word_1_369' title='bbox 985 4328 989 4333; x_wconf 70' lang='grc'><strong>’</strong></span> <span class='ocrx_word' id='word_1_370' title='bbox 1039 4352 1092 4405; x_wconf 85' lang='lat' dir='ltr'>tus</span> <span class='ocrx_word' id='word_1_371' title='bbox 1115 4335 1186 4420; x_wconf 84' lang='lat' dir='ltr'>ell‚·</span> <span class='ocrx_word' id='word_1_372' title='bbox 1204 4333 1442 4430; x_wconf 79' lang='lat' dir='ltr'>praenominate</span> <span class='ocrx_word' id='word_1_373' title='bbox 1464 4333 1643 4405; x_wconf 66' lang='lat' dir='ltr'>uenerabile</span> <span class='ocrx_word' id='word_1_374' title='bbox 1669 4335 1807 4421; x_wconf 73' lang='lat' dir='ltr'>leea²per</span> 
     </span>
    </p>
   </div>
   <div class='ocr_carea' id='block_1_13' title="bbox 108 4425 1889 5242">
    <p class='ocr_par' dir='ltr' id='par_1_14' title="bbox 108 4425 1889 5150">
     <span class='ocr_line' id='line_1_38' title="bbox 153 4425 1806 4533; baseline -0.001 -28"><span class='ocrx_word' id='word_1_375' title='bbox 153 4432 378 4533; x_wconf 86' lang='lat' dir='ltr'>Piguniasias</span> <span class='ocrx_word' id='word_1_376' title='bbox 404 4461 477 4506; x_wconf 84' lang='lat' dir='ltr'>cum</span> <span class='ocrx_word' id='word_1_377' title='bbox 500 4433 696 4524; x_wconf 73' lang='lat' dir='ltr'>adjacentiis</span> <span class='ocrx_word' id='word_1_378' title='bbox 720 4459 851 4522; x_wconf 85' lang='lat' dir='ltr'>eorum,</span> <span class='ocrx_word' id='word_1_379' title='bbox 871 4425 927 4514; x_wconf 53' lang='lat' dir='ltr'>&#39;da‘</span> <span class='ocrx_word' id='word_1_380' title='bbox 1039 4437 1095 4509; x_wconf 85' lang='lat' dir='ltr'>boc</span> <span class='ocrx_word' id='word_1_381' title='bbox 1118 4436 1240 4523; x_wconf 72' lang='lat' dir='ltr'>nostrae</span> <span class='ocrx_word' id='word_1_382' title='bbox 1264 4428 1408 4531; x_wconf 82' lang='lat' dir='ltr'>Regalis</span> <span class='ocrx_word' id='word_1_383' title='bbox 1433 4427 1637 4507; x_wconf 67' lang='lat' dir='ltr'>meinimis</span> <span class='ocrx_word' id='word_1_384' title='bbox 1674 4439 1806 4508; x_wconf 83' lang='lat' dir='ltr'>Praece-</span> 
     </span>
     <span class='ocr_line' id='line_1_39' title="bbox 154 4535 1889 4639; baseline 0.002 -34"><span class='ocrx_word' id='word_1_385' title='bbox 154 4558 260 4607; x_wconf 81' lang='lat' dir='ltr'>rmnra</span> <span class='ocrx_word' id='word_1_386' title='bbox 285 4562 490 4632; x_wconf 84' lang='lat' dir='ltr'>quaecumque</span> <span class='ocrx_word' id='word_1_387' title='bbox 531 4558 702 4609; x_wconf 88' lang='lat' dir='ltr'>memorato</span> <span class='ocrx_word' id='word_1_388' title='bbox 737 4538 927 4631; x_wconf 75' lang='lat' dir='ltr'>imperatrix</span> <span class='ocrx_word' id='word_1_389' title='bbox 968 4568 997 4639; x_wconf 71' lang='grc' dir='ltr'>Ε</span> <span class='ocrx_word' id='word_1_390' title='bbox 1037 4559 1131 4636; x_wconf 83' lang='lat' dir='ltr'>ptum</span> <span class='ocrx_word' id='word_1_391' title='bbox 1154 4568 1193 4611; x_wconf 85' lang='lat' dir='ltr'>eae</span> <span class='ocrx_word' id='word_1_392' title='bbox 1217 4538 1341 4635; x_wconf 84' lang='lat' dir='ltr'>integro</span> <span class='ocrx_word' id='word_1_393' title='bbox 1363 4539 1592 4628; x_wconf 85' lang='lat' dir='ltr'>perdonamus,</span> <span class='ocrx_word' id='word_1_394' title='bbox 1627 4535 1804 4635; x_wconf 84' lang='lat' dir='ltr'>largimur,</span> <span class='ocrx_word' id='word_1_395' title='bbox 1886 4582 1889 4587; x_wconf 59' lang='lat'>&lt;</span> 
     </span>
     <span class='ocr_line' id='line_1_40' title="bbox 152 4633 1807 4737; baseline 0.005 -35"><span class='ocrx_word' id='word_1_396' title='bbox 152 4653 210 4722; x_wconf 87' lang='lat' dir='ltr'>per</span> <span class='ocrx_word' id='word_1_397' title='bbox 248 4638 457 4726; x_wconf 77' lang='lat' dir='ltr'>inllitutionis</span> <span class='ocrx_word' id='word_1_398' title='bbox 496 4638 579 4730; x_wconf 83' lang='lat' dir='ltr'>suae</span> <span class='ocrx_word' id='word_1_399' title='bbox 615 4639 774 4734; x_wconf 83' lang='lat' dir='ltr'>paginam</span> <span class='ocrx_word' id='word_1_400' title='bbox 793 4640 926 4737; x_wconf 16' lang='lat' dir='ltr'>‘ubique</span> <span class='ocrx_word' id='word_1_401' title='bbox 1040 4639 1261 4733; x_wconf 80' lang='lat' dir='ltr'>confirmamus</span> <span class='ocrx_word' id='word_1_402' title='bbox 1273 4687 1286 4720; x_wconf 87' lang='lat'>,</span> <span class='ocrx_word' id='word_1_403' title='bbox 1313 4666 1349 4710; x_wconf 89' lang='lat' dir='ltr'>ae</span> <span class='ocrx_word' id='word_1_404' title='bbox 1374 4637 1475 4708; x_wconf 89' lang='lat' dir='ltr'>modis</span> <span class='ocrx_word' id='word_1_405' title='bbox 1498 4633 1647 4709; x_wconf 79' lang='lat' dir='ltr'>omnibus</span> <span class='ocrx_word' id='word_1_406' title='bbox 1670 4644 1807 4712; x_wconf 65' lang='lat' dir='ltr'>eommo-</span> 
     </span>
     <span class='ocr_line' id='line_1_41' title="bbox 157 4732 1808 4838; baseline 0.004 -34"><span class='ocrx_word' id='word_1_407' title='bbox 157 4732 241 4804; x_wconf 88' lang='lat' dir='ltr'>idem</span> <span class='ocrx_word' id='word_1_408' title='bbox 284 4740 476 4812; x_wconf 81' lang='lat' dir='ltr'>coenobium</span> <span class='ocrx_word' id='word_1_409' title='bbox 518 4737 689 4835; x_wconf 82' lang='lat' dir='ltr'>deffinivit</span> <span class='ocrx_word' id='word_1_410' title='bbox 728 4740 924 4818; x_wconf 88' lang='lat' dir='ltr'>babendum.</span> <span class='ocrx_word' id='word_1_411' title='bbox 1041 4770 1173 4817; x_wconf 87' lang='lat' dir='ltr'>ramus.</span> <span class='ocrx_word' id='word_1_412' title='bbox 1202 4741 1366 4815; x_wconf 84' lang='lat' dir='ltr'>Familias</span> <span class='ocrx_word' id='word_1_413' title='bbox 1390 4767 1510 4838; x_wconf 85' lang='lat' dir='ltr'>quoque</span> <span class='ocrx_word' id='word_1_414' title='bbox 1532 4741 1695 4838; x_wconf 82' lang='lat' dir='ltr'>utriusque</span> <span class='ocrx_word' id='word_1_415' title='bbox 1712 4743 1808 4834; x_wconf 79' lang='lat' dir='ltr'>sexus</span> 
     </span>
     <span class='ocr_line' id='line_1_42' title="bbox 154 4838 1806 4943; baseline 0.007 -44"><span class='ocrx_word' id='word_1_416' title='bbox 154 4841 534 4929; x_wconf 72' lang='lat' dir='ltr'>Quarum-petitionibus</span> <span class='ocrx_word' id='word_1_417' title='bbox 558 4862 629 4916; x_wconf 86' lang='lat' dir='ltr'>tora</span> <span class='ocrx_word' id='word_1_418' title='bbox 643 4881 650 4888; x_wconf 95' lang='lat'><em>·</em></span> <span class='ocrx_word' id='word_1_419' title='bbox 666 4844 836 4916; x_wconf 85' lang='lat' dir='ltr'>devotione</span> <span class='ocrx_word' id='word_1_420' title='bbox 870 4845 924 4936; x_wconf 77' lang='lat' dir='ltr'>fe·</span> <span class='ocrx_word' id='word_1_421' title='bbox 1042 4846 1092 4927; x_wconf 67' lang='lat' dir='ltr'>da·</span> <span class='ocrx_word' id='word_1_422' title='bbox 1115 4845 1308 4943; x_wconf 73' lang='lat' dir='ltr'>conditionis</span> <span class='ocrx_word' id='word_1_423' title='bbox 1330 4871 1400 4917; x_wconf 81' lang='lat' dir='ltr'>cane</span> <span class='ocrx_word' id='word_1_424' title='bbox 1423 4838 1588 4918; x_wconf 72' lang='lat' dir='ltr'>Curribus</span> <span class='ocrx_word' id='word_1_425' title='bbox 1617 4848 1664 4915; x_wconf 70' lang='grc' dir='ltr'>Ο·</span> <span class='ocrx_word' id='word_1_426' title='bbox 1688 4844 1806 4936; x_wconf 83' lang='lat' dir='ltr'>Capel-</span> 
     </span>
     <span class='ocr_line' id='line_1_43' title="bbox 152 4939 1806 5044; baseline 0.001 -32"><span class='ocrx_word' id='word_1_427' title='bbox 152 4958 292 5025; x_wconf 83' lang='lat' dir='ltr'>venter,</span> <span class='ocrx_word' id='word_1_428' title='bbox 319 4941 354 5007; x_wconf 84' lang='lat' dir='ltr'>id</span> <span class='ocrx_word' id='word_1_429' title='bbox 370 4939 449 5031; x_wconf 81' lang='lat' dir='ltr'>fiori</span> <span class='ocrx_word' id='word_1_430' title='bbox 474 4947 669 5038; x_wconf 86' lang='lat' dir='ltr'>annuimus,</span> <span class='ocrx_word' id='word_1_431' title='bbox 709 4947 764 5020; x_wconf 87' lang='lat' dir='ltr'>boe</span> <span class='ocrx_word' id='word_1_432' title='bbox 789 4947 925 5038; x_wconf 80' lang='lat' dir='ltr'>nestrum</span> <span class='ocrx_word' id='word_1_433' title='bbox 1041 4953 1112 5037; x_wconf 89' lang='lat' dir='ltr'>lis,</span> <span class='ocrx_word' id='word_1_434' title='bbox 1150 4974 1317 5044; x_wconf 85' lang='lat' dir='ltr'>rarumque</span> <span class='ocrx_word' id='word_1_435' title='bbox 1340 4948 1539 5044; x_wconf 88' lang='lat' dir='ltr'>appendiciis</span> <span class='ocrx_word' id='word_1_436' title='bbox 1571 4973 1641 5020; x_wconf 88' lang='lat' dir='ltr'>cuns</span> <span class='ocrx_word' id='word_1_437' title='bbox 1664 4943 1806 5016; x_wconf 82' lang='lat' dir='ltr'>omnibus</span> 
     </span>
     <span class='ocr_line' id='line_1_44' title="bbox 108 5040 1808 5150; baseline 0.013 -35"><span class='ocrx_word' id='word_1_438' title='bbox 108 5060 116 5122; x_wconf 72' lang='grc' dir='ltr'><strong>ζ</strong></span> <span class='ocrx_word' id='word_1_439' title='bbox 151 5044 364 5136; x_wconf 77' lang='lat' dir='ltr'>Praeceptum</span> <span class='ocrx_word' id='word_1_440' title='bbox 395 5041 499 5135; x_wconf 79' lang='lat' dir='ltr'>Jeribi</span> <span class='ocrx_word' id='word_1_441' title='bbox 535 5045 707 5143; x_wconf 75' lang='lat' dir='ltr'>jubentes,</span> <span class='ocrx_word' id='word_1_442' title='bbox 741 5069 803 5144; x_wconf 83' lang='lat' dir='ltr'>per</span> <span class='ocrx_word' id='word_1_443' title='bbox 843 5048 965 5150; x_wconf 81' lang='lat' dir='ltr'>quedl</span> <span class='ocrx_word' id='word_1_444' title='bbox 998 5040 1808 5142; x_wconf 64' lang='lat' dir='ltr'>-1eamuts,casss,viaea&#39;e,oa·pirapascuir&#39;s</span> 
     </span>
    </p>

    <p class='ocr_par' dir='ltr' id='par_1_15' title="bbox 242 5165 1757 5242">
     <span class='ocr_line' id='line_1_45' title="bbox 892 5165 1757 5242; baseline -0.004 -22.574"><span class='ocrx_word' id='word_1_445' title='bbox 892 5192 904 5222; x_wconf 80' lang='lat' dir='ltr'>r</span> <span class='ocrx_word' id='word_1_446' title='bbox 1675 5165 1757 5242; x_wconf 66' lang='lat' dir='ltr'>pfl·</span> 
     </span>
    </p>
   </div>
   <div class='ocr_carea' id='block_1_14' title="bbox 0 0 2116 6004">
    <p class='ocr_par' dir='ltr' id='par_1_16' title="bbox 0 0 2116 6004">
     <span class='ocr_line' id='line_1_46' title="bbox 0 0 2116 6004; baseline 0 0"><span class='ocrx_word' id='word_1_447' title='bbox 0 0 2116 6004; x_wconf 95' lang='lat' dir='ltr'> </span> 
     </span>
    </p>
   </div>
  </div>
 </body>
</html>
