4216 6014
297 372 378 461 ¹33
528 397 531 401 ’
629 335 1441 432 DISSERTATIODECIMANONA.
1741 373 1760 431 1
1774 368 1826 457 34

288 464 391 556 Quae
416 456 585 536 badlenus
620 458 899 536 commemoravi
933 485 999 558 pu·
1041 458 1070 530 A
1111 458 1259 554 lingulas
1291 463 1518 538 Mereararas,
1546 454 1603 536 'ui‘
1637 464 1812 541 Parsirai,
1847 474 1883 530 u'r

236 562 335 636 blica
367 567 485 638 Onera
511 588 551 635 ac
577 561 757 645 Tributa‚
797 585 901 635 nemo
937 560 999 635 fibi

236 661 380 739 suadeat
420 664 568 765 implere
607 662 808 739 uniuersum
852 664 999 737 chorum

127 770 129 774 ’
237 765 508 867 Vebiigaliurn,
544 761 757 855 fautorum,
793 766 1001 837 Rediibirio·

236 894 339 959 rrtmr‚
373 868 581 957 Tullium,
618 866 831 939 Exailiorara
857 866 929 948 &a
957 884 998 940 ut

236 968 327 1043 olim
353 969 604 1066 appellabant.
639 970 761 1044 Multa
795 967 936 1068 insuper
958 992 998 1042 e-

237 1090 338 1152 rant,
364 1094 515 1168 quorum
535 1068 627 1145 nuda
644 1070 792 1144 nomina
817 1088 999 1160 tenemus,

237 1198 311 1249 rem
337 1176 423 1246 verb
450 1171 590 1270 penitus
615 1170 841 1269 ignoramus.
874 1174 1001 1268 Neque

239 1273 336 1347 enim
371 1269 533 1346 feliciora
559 1272 684 1347 nollris
720 1270 900 1346 barbarica
936 1271 1001 1346 illa

1114 560 1253 633 homines
1287 561 1328 629 dr
1358 555 1551 653 supradidla
1584 559 1783 648 Moralleria
1808 558 1883 639 &a

1114 666 1156 736 ad
1184 661 1328 733 omnibus
1356 656 1557 752 supradidlis
1590 660 1710 754 Scufiir
1739 660 1881 760 publicis

1114 764 1163 844 θ
1197 761 1363 859 Argariir
1399 759 1472 840 &a
1511 780 1569 855 pro
1606 762 1710 852 nostra
1747 768 1882 837 mercede

1114 861 1211 936 liccat
1238 863 1421 955 deservire.
1458 863 1591 936 Datum
1627 863 1673 937 est
1709 864 1881 963 Diploma

1115 965 1174 1038 die
1202 970 1262 1038 xl.
1292 962 1531 1057 Novembris,
1566 970 1670 1038 Anno
1695 971 1784 1039 XIV.
1812 976 1881 1040 Re·

1108 1065 1194 1162 gei,
1221 1063 1501 1140 indictionem.
1529 1064 1596 1139 lloc
1620 1065 1690 1154 est,
1718 1086 1759 1139 ut
1780 1070 1881 1142 Man‘·

1112 1167 1254 1266 garinus
1281 1168 1421 1258 censet,
1458 1169 1569 1242 Anno
1593 1166 1730 1244 Christi
1761 1168 1880 1244 DCC·

1112 1272 1283 1345 Lxxrv.
1320 1270 1385 1344 Sed
1425 1286 1487 1344 aut
1525 1269 1617 1344 illud
1658 1268 1796 1370 spedlat
1835 1267 1880 1345 ad

160 1457 164 1463 ,
236 1393 397 1474 tempora
431 1372 572 1473 opinari
611 1376 725 1449 licet.
757 1374 930 1469 Augurius
964 1398 1002 1445 e-
1024 1373 1068 1487 31³
1114 1374 1261 1444 Annum
1306 1373 1580 1448 Dccnxxm.
1622 1390 1684 1446 aut
1722 1371 1766 1445 de
1804 1371 1881 1472 ejus

237 1472 314 1551 nim
340 1476 377 1551 dt
403 1477 617 1572 Perargarias
651 1474 770 1549 omnis
805 1495 899 1548 aetas
934 1498 1000 1547 no·

234 1573 314 1660 vit,
351 1575 523 1677 fimulque
557 1595 702 1677 experta
735 1574 804 1650 est.
841 1572 1000 1648 Collediar

235 1676 330 1754 idem
372 1675 478 1768 lunt,
517 1704 557 1752 ac
592 1704 683 1776 quae
718 1677 756 1752 in
793 1675 997 1774 Capitulari

235 1778 371 1861 sicardi
409 1777 585 1878 Principis
622 1777 862 1853 Beneventani
890 1774 930 1851 δι
960 1802 997 1850 a·

238 1876 306 1953 libi
334 1881 556 1975 appellantur
579 1882 751 1965 Cauarae,
778 1875 819 1951 dt
846 1878 883 1950 in
911 1875 998 1950 Edi·

234 1977 297 2054 sto
309 1977 525 2067 Theoderici
541 1979 647 2079 Regis
662 1981 873 2051 collationes.
892 1980 998 2052 Nunc

236 2078 396 2154 breviata
447 2104 534 2153 voce
582 2075 779 2180 vulgariter
824 2096 997 2152 vocantur

235 2181 350 2254 citer:
375 2179 549 2256 tributum
577 2205 702 2280 nempe
728 2177 996 2281 persolvendum

1113 1467 1182 1544 lide
1205 1471 1439 1547 dubitandum
1474 1472 1543 1560 est,
1579 1496 1689 1570 quum
1718 1468 1881 1548 Noverit·

1113 1572 1165 1645 bri
1204 1571 1329 1648 Mense
1364 1571 1464 1650 Anni
1502 1576 1777 1651 Dccnxxtv.
1807 1575 1880 1676 jans

1112 1671 1271 1748 excisum
1306 1673 1399 1750 foret
1422 1679 1586 1776 Regnum
1625 1675 1880 1777 Langobardo-

1112 1799 1211 1848 rum.
1248 1776 1430 1851 Habemus
1457 1776 1536 1851 heic
1563 1796 1635 1851 non
1663 1776 1776 1851 solium
1805 1783 1879 1851 Da·

1112 1877 1238 1965 riores,
1273 1874 1329 1952 sed
1355 1872 1395 1951 ἃ
1431 1876 1556 1971 Srrfiar
1587 1876 1759 1974 publicar.
1796 1881 1880 1973 Qua

1114 1975 1281 2074 postremi
1315 2002 1406 2054 voce
1439 1978 1526 2078 quid
1561 1975 1809 2080 significetur,
1849 1976 1880 2053 il

1112 2075 1251 2154 forcalle
1285 2079 1377 2154 mibi
1412 2080 1623 2167 ediderent,
1662 2077 1792 2177 quibus
1816 2075 1880 2153 da·

1112 2194 1189 2252 tum
1216 2178 1263 2253 est
1296 2181 1335 2254 in
1373 2179 1567 2280 penetralia
1594 2179 1762 2277 antiquae
1785 2184 1878 2254 Ger·

234 2304 302 2383 pro
327 2280 465 2363 ratione
491 2299 727 2381 proventuum
754 2306 795 2355 ac
817 2281 995 2355 redituum
1037 2271 1075 2354 C
1112 2278 1272 2355 manicae
1290 2280 1468 2382 Linguae
1502 2280 1728 2356 descendere.
1765 2276 1875 2381 Apud
1925 2294 1927 2298 “

235 2381 485 2483 cujuscumque
504 2383 611 2458 liberi
637 2381 763 2460 Civis.
789 2380 996 2483 Antiquum

237 2483 283 2557 est
324 2484 431 2558 etiam
472 2484 640 2559 Italicum
683 2485 894 2559 vocabulum
931 2511 996 2557 no-

235 2586 339 2657 strum
363 2586 494 2677 Dario,
519 2610 629 2685 quum
656 2587 690 2659 δε
718 2593 830 2679 naa,
856 2578 897 2661 dt
923 2591 997 2658 Da·

234 2685 311 2775 ria,
346 2688 380 2757 δι
410 2692 550 2777 narra,
586 2688 620 2760 δι
648 2686 803 2762 Datiomr
836 2682 875 2760 in
901 2687 996 2760 anti-

234 2785 314 2884 quis
354 2785 595 2862 monumentis
637 2803 912 2870 memorentur,
957 2807 997 2862 ut

232 2885 357 2961 multis
405 2888 578 2980 exemplis
622 2888 798 2964 ostendere
840 2884 997 2987 pulsem.

233 2992 355 3062 Unum
391 2988 641 3063 tantummodo
675 2989 846 3079 afferam,
881 3004 921 3061 ut
955 2984 996 3062 δι
1044 2990 1047 2996 ’

235 3090 390 3166 Darionis
423 3115 584 3173 nomen,
610 3093 660 3187 ,ἃ
701 3090 772 3164 alia
812 3087 998 3190 incognita

1111 2382 1308 2458 Germanos
1341 2379 1463 2476 Scaffia
1498 2383 1741 2482 appellabatur
1777 2405 1878 2456 men·

1110 2480 1187 2557 sura
1212 2483 1382 2583 quaedam
1410 2510 1594 2561 annonae.
1624 2487 1723 2560 Num
1749 2483 1876 2578 Srufiaa

1109 2582 1205 2658 idem
1232 2583 1349 2667 fuere.
1367 2584 1443 2659 boc
1469 2585 1536 2668 eil,
1562 2584 1743 2661 menlurne
1765 2610 1876 2685 quae-

1109 2685 1190 2759 dam
1233 2687 1411 2763 aridorum
1453 2685 1556 2761 Fisco
1596 2683 1871 2785 persolvendae?

1110 2790 1233 2880 Quum
1259 2812 1346 2866 vero
1381 2789 1419 2863 in
1448 2786 1668 2886 Diplonratis
1694 2785 1877 2864 authenti·

1110 2889 1162 2961 cis
1198 2888 1349 2965 Henrici
1385 2892 1433 2962 11.
1468 2884 1507 2963 δι
1546 2891 1609 2963 lV.
1636 2888 1874 2991 Augustorum

1111 2986 1203 3087 apud
1229 2985 1437 3064 Canonicos
1462 2986 1692 3064 Cathedralis
1724 2994 1875 3065 Cremo-

1110 3083 1223 3164 nenfis
1263 3088 1480 3172 adservatis,
1515 3090 1551 3162 ic
1586 3117 1607 3164 a
1647 3116 1704 3165 me
1744 3089 1874 3166 descri-

233 3190 390 3267 Tributa
419 3215 458 3263 ac
484 3217 590 3264 onera
617 3210 776 3267 veterum
813 3189 994 3264 oblivioni
1033 3199 1068 3268 D
1111 3188 1204 3286 ptis,
1231 3190 1370 3262 eaedem
1389 3188 1515 3279 Seufiaa
1533 3208 1876 3281 commemorentur,

234 3290 449 3388 eripiantur.
486 3287 610 3363 Refert
634 3289 860 3389 Margarinus
886 3295 998 3363 Tom.

235 3415 270 3467 a..
297 3388 447 3464 Constit.
470 3411 528 3463 20.
549 3388 701 3464 Bullarii
727 3387 902 3464 casinens.
928 3388 995 3463 Di·

232 3495 354 3593 ploma
380 3488 559 3563 Adelchili
589 3490 904 3590 Langobardorum
924 3494 994 3564 Re·

231 3589 583 3784 titillabit
609 3593 996 3786 l‘f‘lbiitl'l‘it

884 3723 907 3767 a

231 3820 286 3868 ars
309 3789 438 3884 Serfiar
460 3713 647 3891 publicas?
655 3797 700 3867 0
723 3797 917 3893 Argaous,
943 3817 996 3870 at-

231 3920 291 3996 que
317 3904 466 3986 Operas,
502 3894 550 3973 ψ’
584 3896 765 3978 Datim,
799 3899 855 3969 uel
889 3900 996 3970 Colle-

231 3995 323 4079 θαι,
352 3998 410 4091 seu
434 3997 590 4081 Talaura,
625 3994 673 4078 (θ’
707 3999 898 4096 siliquatici>
909 4051 922 4084 ,
956 4005 996 4072 dr

1113 3307 1344 3363 monumenta
1369 3287 1435 3361 illa
1461 3312 1554 3361 nunc
1580 3288 1724 3388 accipe,
1751 3289 1812 3364 ubi
1838 3317 1876 3364 e·

1113 3388 1202 3463 tiam
1238 3387 1497 3463 animadvertas
1534 3388 1753 3470 mentionem
1795 3387 1875 3465 lieri

1109 3492 1151 3560 ds
1186 3489 1294 3586 percis·
1322 3491 1368 3561 θ
1401 3491 1614 3580 vomeribus,
1648 3490 1793 3581 rprrr'ras
1826 3489 1876 3572 &¹

1110 3587 1331 3688 albergariis,
1365 3591 1494 3691 quibua
1519 3588 1727 3666 nominibus
1760 3590 1876 3668 incer·

1111 3711 1188 3766 tam
1213 3691 1283 3785 est,
1308 3690 1611 3793 fignificentur-ne
1637 3692 1802 3792 publica,
1827 3721 1873 3770 an
1985 3786 1988 3791 ξ

1111 3792 1250 3894 privata
1288 3818 1431 3877 orama,
1472 3810 1534 3870 aut
1573 3792 1764 3889 Tributa,
1802 3791 1873 3875 live

1111 3892 1251 3971 census.

283 4244 482 4335 Henricus
511 4254 604 4335 Rex
635 4253 711 4335 ΙΙΙ.
741 4254 961 4365 Imperator
991 4255 1044 4339 11.
1075 4247 1289 4340 canonicis
1320 4250 1514 4342 Eccleliae
1544 4256 1820 4346 &mononis

530 4365 667 4455 omnia
696 4362 859 4458 illorum
890 4374 995 4460 bona
1024 4370 1258 4485 confirmat,
1296 4376 1420 4495 Anno
1454 4380 1579 4487 1055.

282 4604 321 4672 N
343 4600 465 4674 nomirrr
497 4599 617 4674 saruc
641 4600 690 4682 &¹
716 4603 887 4679 individae
920 4608 996 4680 Tri·

310 4701 421 4774 nitaris
446 4708 468 4777 .'
498 4705 669 4777 Heinricrrr
706 4706 826 4782 doira
862 4708 996 4801 famare

232 4799 401 4873 clematio
429 4811 641 4879 Roaiam
675 4811 850 4901 imperem
873 4810 995 4908 Augai-

224 4899 318 4994 βω.
343 4905 371 4971 l*
372 4901 384 4969 i
412 4903 502 4987 illia,
536 4908 592 4996 qai
618 4911 755 4984 adtira
781 4911 876 5003 sacra
898 4915 995 5001 delii-

229 5002 307 5089 μή
338 5003 470 5079 diuinis
506 5005 622 5102 officiis
654 5011 859 5104 inserviunt,
898 5015 998 5105 arrlira

1103 4607 1285 4704 imperialis
1309 4603 1545 4699 munificentiae
1566 4604 1866 4682 naiwkrriarair

1097 4707 1170 4801 [air
1190 4705 1398 4804 peticionibus
1419 4710 1584 4780 clementer
1598 4737 1636 4784 aa
1659 4707 1797 4811 benigne
1810 4717 1869 4784 de·

1103 4810 1328 4900 monstrarat,
1363 4839 1387 4884 a
1418 4813 1489 4884 Deo
1521 4813 1663 4884 earnium
1685 4828 1791 4885 'reram
1813 4812 1868 4882 ir·-

1095 4908 1237 5008 spriiarr
1270 4914 1416 4986 »naricam
1440 4911 1490 4994 tl?
1514 4914 1702 5010 condigna»
1726 4915 1865 4986 nnita·

1100 5013 1220 5086 aaa»
1241 5039 1298 5085 aar
1321 5015 1457 5112 recipere
1472 5015 1657 5112 [permar.
1683 5015 1774 5087 Uale
1788 5035 1865 5096 urra-

1259 5114 1281 5192 Ι
1332 5137 1356 5188 2
1709 5112 1816 5217 kuiuus
