4216 6014
288 384 376 488 uo,
451 484 456 489 ι
578 343 1089 491 orsururnrro
1133 350 1560 491 munerun-0
1728 369 1816 489 204

228 475 425 548 Mandrum
447 469 675 555 nuatum,
710 475 839 549 mann
874 471 995 550 secun
1016 480 1062 570 {A
1106 469 1245 546 eosdem
1272 491 1485 570 componat,
1512 471 1652 548 viduae
1678 479 1763 548 nero
1785 478 1875 549 nce-

228 574 313 651 dbm
341 578 456 670 Leges
481 573 730 651 succedebant.
756 576 996 675 Liutpeaudue

230 680 316 765 Lib.
338 701 373 750 2.
393 678 490 774 Lege
510 682 545 754 8.
570 678 741 751 Sientetn
766 679 933 774 contigerit
953 680 997 750 il-

229 780 298 855 lan
325 778 424 868 meri,
451 803 530 874 quet
549 777 623 874 jan
648 782 765 870 nuptui
788 783 914 854 tradite
931 785 998 870 cll,

230 900 307 953 tene
332 881 388 952 ille
411 880 444 951 ei
467 882 629 969 (memet,
654 882 712 979 qai
730 909 799 953 cem
816 903 874 977 per
893 887 1016 954 Man-1

231 982 435 1075 diensem
457 982 559 1072 fecit.
599 979 642 1057 in
678 982 829 1057 Henrici
855 1009 997 1081 quoque

232 1083 347 1160 Primi
396 1081 545 1184 Augusti
589 1087 688 1185 Lege
730 1086 997 1183 Langobardici

232 1186 462 1261 constitutum
502 1182 595 1275 fuit,
632 1204 673 1260 ut
707 1190 798 1259 exeri
818 1187 888 1271 fine
906 1186 997 1279 filiis

227 1291 387 1362 amborum
420 1287 582 1359 decedenti
624 1287 682 1363 vir
715 1316 759 1363 ert
786 1289 854 1362 affe
880 1288 997 1362 succe·

1108 574 1169 646 bat
1195 571 1323 661 alteri,
1349 575 1465 647 libero
1485 595 1602 650 tamen
1614 622 1627 658 ,
1653 602 1717 669 pro
1737 574 1799 650 suo
1820 601 1877 650 at·

1106 672 1220 748 bitrio
1256 674 1385 748 nubere
1424 701 1468 748 ex
1497 681 1594 778 Lege
1625 682 1707 754 182.
1738 677 1875 752 Rotba·

1107 776 1175 850 ris.
1221 779 1269 849 Et
1308 773 1478 875 quoniam
1528 778 1722 854 humanum
1765 804 1875 880 genua

1106 904 1219 952 novos
1238 878 1276 952 in
1297 878 1372 953 dies
1389 898 1547 977 procreat
1565 881 1742 970 excelsus,
1761 906 1873 979 quum

1106 980 1281 1053 abundare
1307 979 1500 1080 coepilient
1537 979 1635 1063 viri,
1671 984 1734 1081 qui
1772 984 1874 1056 blan·

1105 1080 1207 1156 ditiis
1234 1080 1445 1167 feminarum
1473 1081 1653 1158 excaecati
1684 1090 1795 1155 Meter
1820 1084 1892 1158 eie-

1104 1184 1316 1258 immodicas
1353 1183 1639 1266 constituebant,
1678 1184 1873 1260 interceffit

1104 1283 1198 1359 idem
1228 1285 1491 1385 liutprandus,
1518 1314 1558 1362 ac
1585 1289 1730 1362 modum
1751 1285 1874 1384 prodi-

227 1389 345 1464 deret.
373 1393 513 1463 fratres
538 1387 672 1477 etiam,
698 1409 739 1463 ut
765 1417 876 1489 nuper
902 1388 997 1463 vidi·
1019 1399 1059 1472 ’Β
1103 1385 1247 1486 galitati
1292 1385 1505 1486 posterorum
1553 1387 1702 1491 posuit.
1751 1389 1871 1488 Digna

229 1516 331 1611 mus,
350 1490 893 1666 propterdblundiumtsororum
915 1517 997 1609 por·

228 1613 494 1790 lsst‘tnzt
514 1613 995 1794 ttlrlrztttet'fft

1103 1487 1172 1578 eli,
1199 1511 1289 1585 quae
1315 1486 1453 1587 integra
1480 1491 1548 1566 huc
1575 1490 1746 1567 referatur
1768 1489 1870 1566 illius

1102 1593 1182 1665 Lex
1210 1610 1271 1687 35.
1298 1589 1381 1664 Lib.
1400 1598 1437 1666 6.
1462 1593 1503 1663 Si
1527 1595 1621 1689 qais,
1646 1595 1723 1684 eit,
1758 1591 1872 1685 renie-

1097 1693 1137 1788 gi
1156 1691 1236 1783 setee
1262 1696 1390 1763 Metam
1414 1698 1492 1765 dete
1515 1695 1681 1787 veluerit,
1708 1698 1757 1769 ite
1781 1694 1872 1768 nobe}

228 1795 482 1884 interimebat,
525 1817 587 1886 aut
614 1795 797 1886 laedebat,
849 1815 911 1871 aut
937 1823 995 1870 ca·
1096 1791 1219 1888 justam
1243 1788 1304 1887 effe
1325 1794 1525 1887 compererit,
1558 1815 1597 1868 et
1631 1798 1712 1879 ilie,
1747 1794 1873 1892 quiesi

229 1896 369 1972 lumnib
394 1899 603 1994 appetebat,
638 1916 700 1971 aut
735 1898 774 1970 in
801 1896 996 1972 sacramen·
1092 1901 1207 1986 Judex
1231 1895 1247 1993 (
1268 1893 1352 1969 idest
1378 1899 1536 1986 Comes,
1563 1914 1627 1972 aut
1652 1898 1695 1972 de
1722 1922 1870 1971 numero
1916 1958 1925 1968 ,
1986 1933 1988 1946 ·

230 2013 308 2073 tum
348 1995 536 2089 mittebat,
580 2023 690 2094 poena
733 2024 793 2071 reo
834 1998 995 2095 imposita

229 2097 411 2201 pendenda
437 2116 512 2172 erat
537 2097 606 2180 iit,
632 2103 677 2171 ed
710 2126 786 2197 qenes
819 2102 996 2172 Mendienn

228 2203 270 2274 de
302 2228 341 2275 ee
372 2197 578 2297 pertinebat.
619 2199 707 2274 Alia
754 2203 996 2277 emolumenta

1102 1998 1347 2097 Magnetum)
1371 2000 1450 2072 dere
1473 1997 1614 2091 debeat,
1645 1998 1681 2086 li
1704 1999 1869 2079 uelauit,

1101 2099 1229 2170 solides
1253 2105 1378 2174 CCCC.
1403 2101 1544 2194 enepiins
1568 2127 1658 2177 non.
1704 2107 1755 2174 Et
1793 2100 1870 2170 reli·

1102 2199 1158 2296 pei
1181 2202 1316 2272 Nobiles
1340 2201 1480 2272 honines
1503 2204 1582 2274 dete
1618 2207 1755 2275 elehem
1779 2203 1869 2289 soti,

228 2320 435 2402 praetereo:
464 2299 521 2376 sed
548 2326 656 2375 unum
685 2318 779 2377 certe
807 2305 996 2402 praeterire
1025 2302 1062 2382 C
1101 2306 1158 2372 dee
1182 2306 1279 2374 CCC.
1304 2302 1447 2393 amplier
1472 2329 1553 2377 nen.
1587 2308 1637 2376 Ee
1655 2303 1689 2390 fi
1712 2302 1869 2401 qaiseene-

229 2403 326 2479 neias
352 2403 455 2479 effct.
496 2402 681 2478 Nimirum
709 2401 733 2476 fi
760 2406 877 2503 puella
905 2404 996 2481 libe·

229 2530 290 2585 ra,
317 2525 378 2582 tut
404 2503 513 2578 vidua
537 2505 633 2575 elteri
664 2507 835 2600 sponsata,
873 2505 997 2607 sponte

230 2606 403 2706 quidem,
430 2604 487 2679 fed
506 2604 578 2691 fine
602 2607 770 2680 veluntate
790 2608 919 2705 petris,
942 2614 998 2682 vel

225 2708 362 2800 steten,
403 2710 459 2780 vel
496 2705 586 2799 ejus,
625 2711 671 2779 ed
702 2735 792 2806 qoem
819 2713 997 2784 Maenium

226 2809 430 2910 pertinebat,
478 2807 560 2883 viro
604 2808 713 2883 alicui
758 2810 893 2889 Libero
936 2840 1005 2911 perv

231 2909 501 2987 matrimonium
530 2912 789 3010 copulabatur,
816 2932 901 2988 tunc
927 2943 997 2989 nea·
1029 3010 1031 3014 μ

230 3016 336 3098 edne,
378 3015 435 3112 qni
468 3040 538 3086 eene
582 3014 617 3084 in
660 3039 786 3086 exerent
819 3038 998 3114 eceepeeet,

230 3116 449 3192 multabatur
475 3141 494 3188 a
522 3118 640 3215 Lege,
676 3115 744 3190 boc
785 3116 832 3192 est
872 3119 999 3191 Setidoe

1100 2429 1159 2499 pue
1182 2404 1267 2475 elren
1291 2405 1380 2475 donee
1404 2408 1510 2477 minae
1534 2406 1611 2476 dere
1635 2406 1797 2499 noluerit,
1814 2411 1872 2477 det

1100 2511 1248 2601 quemodo
1271 2505 1471 2580 cenoemrit.
1511 2505 1764 2607 Explicatione
1798 2506 1869 2582 mi·

1100 2605 1199 2681 nime
1225 2604 1362 2707 indiget
1387 2609 1467 2681 Lex
1494 2606 1577 2682 ilia.

1152 2710 1286 2781 Verium
1323 2734 1367 2781 ne
1406 2706 1452 2782 fic
1493 2708 1639 2806 quidem
1676 2709 1869 2812 cupiditati

1101 2808 1298 2883 Mulierum
1326 2806 1459 2884 labium
1485 2812 1532 2885 ett
1559 2810 1665 2888 satis.
1692 2811 1742 2888 lie
1769 2839 1870 2914 prae·
1975 2878 1985 2885 .

1102 2926 1197 2984 terea
1232 2912 1446 3008 Mergineep,
1487 2914 1583 3011 quod
1624 2913 1724 3016 supra
1750 2913 1871 2989 nomi·
1936 2975 1939 2982 .

1102 3009 1290 3188 titt?
1325 3010 1713 3188 illisqiiniriii‘
1728 3015 1869 3191 illl

196 3221 198 3224 ’
229 3219 356 3313 uiginti
395 3240 569 3312 conponere
612 3220 804 3316 cogebatur
851 3212 998 3293 habenti
1029 3217 1064 3288 D
1102 3211 1297 3312 fignificat.
1342 3217 1424 3287 Hoc
1459 3212 1527 3296 est,
1567 3214 1708 3289 invebia
1748 3214 1870 3291 senfim

232 3315 643 3404 Mundinm'mulieric,
682 3318 791 3415 idque
824 3342 882 3414 pre
917 3344 999 3391 ene-

228 3419 327 3515 grip‚
370 3414 456 3490 idest
482 3440 546 3514 pro
572 3417 676 3516 culpa
703 3418 1000 3517 praesumtionis,

231 3520 265 3592 ἃ
294 3519 425 3592 alteros
449 3518 578 3613 viginti
598 3540 726 3616 prepter
744 3521 898 3612 saidam,
931 3523 1000 3594 boc

230 3616 277 3696 etr
305 3646 349 3693 ne
374 3625 493 3718 egnati
524 3618 757 3695 inimicitiam
779 3625 936 3705 alerent,
959 3649 999 3695 ac

230 3721 274 3795 de
300 3746 345 3795 eo
372 3718 569 3794 vindiiiam
597 3719 793 3798 sumerent.
833 3724 871 3797 ld
913 3748 1000 3797 con·

230 3821 296 3897 liat
318 3848 366 3897 cx
386 3821 570 3896 nonnullis
592 3824 750 3926 Legibus
776 3824 943 3900 Rntbaris
962 3827 997 3899 dt

231 3924 473 4024 Liutprandi3
506 3927 684 4024 equibus
711 3925 907 4002 inertiam
935 3926 996 4000 tla-

229 4027 302 4104 tuit
330 4029 427 4127 Lege
453 4036 515 4102 ot.
542 4045 583 4100 ut
608 4025 635 4099 fr
660 4028 834 4127 eiusmodi
860 4031 999 4128 puellae

1103 3312 1320 3388 consuetudo
1345 3313 1439 3403 fuit,
1474 3332 1515 3389 nt
1549 3317 1680 3391 Mariti
1707 3342 1869 3391 remune-

1103 3414 1215 3489 raturi
1243 3409 1386 3490 Uxores
1412 3416 1459 3490 ob
1486 3418 1645 3501 labores,
1672 3415 1785 3517 primi
1804 3445 1869 3494 no·

1102 3516 1159 3591 cte
1185 3516 1345 3618 conjugii
1371 3519 1594 3600 exantlatos,
1622 3520 1740 3620 primo
1767 3547 1870 3597 manc

1103 3619 1154 3694 eie
1180 3617 1313 3692 donum
1349 3618 1513 3718 nuptiale
1538 3618 1761 3704 conferrent,
1796 3649 1871 3698 uon

1103 3745 1309 3821 gemmam,
1353 3746 1426 3794 non
1467 3720 1617 3815 vestem,
1662 3750 1734 3798 non
1783 3726 1872 3800 altae

1104 3820 1229 3895 mundi
1256 3820 1442 3896 muliebria
1469 3847 1607 3922 nugae,
1640 3823 1700 3899 fed
1734 3828 1872 3925 portio·

1105 3948 1185 3998 nem
1212 3921 1433 3998 fortunarum
1461 3922 1624 4000 suarum.
1653 3931 1700 4000 Et
1726 3952 1766 4002 ea
1789 3929 1872 4028 qui·
1943 3987 1954 3994 .

1079 4025 1185 4098 'dem
1222 4023 1370 4098 donatio
1405 4025 1542 4101 diversa
1582 4055 1602 4102 a
1639 4034 1735 4101 Meta
1772 4028 1869 4105 fuit:

230 4129 290 4205 sue
315 4127 440 4228 sponte
466 4128 616 4203 nubenti
651 4135 747 4203 Meta
773 4157 828 4202 nee
849 4128 996 4226 proniffe
1030 4126 1059 4195 Ε
1107 4150 1188 4198 nam
1234 4124 1272 4199 in
1312 4128 1407 4227 Lege
1454 4132 1502 4203 V.
1547 4129 1728 4229 Ailiulpbi
1766 4132 1873 4229 Regis

227 4260 282 4307 nee
308 4235 388 4306 dete
408 4229 531 4320 feeerit,
566 4229 615 4311 (θ’
649 4232 815 4328 eontigerit
852 4252 889 4303 eet
914 4235 996 4304 Me-

229 4335 313 4408 titur
349 4333 413 4430 ipse
447 4331 623 4421 morietur,
674 4355 844 4428 annonem
881 4335 922 4405 de
959 4361 997 4406 ee

228 4436 409 4511 Mundiene
432 4436 554 4525 seciae,
581 4456 726 4505 contenta
748 4434 792 4518 fit
819 4434 887 4532 ipsa
913 4441 995 4506 Ma-

231 4537 310 4620 liar,
350 4564 402 4608 nec
434 4536 524 4633 peffit
555 4535 661 4632 postea
700 4541 829 4609 Metent
853 4562 997 4633 quaerent

233 4640 278 4714 ee
299 4641 459 4712 meditus
479 4636 568 4725 eires.
594 4641 764 4712 Ceterum
783 4639 901 4712 tbdem
923 4642 994 4714 Le-

231 4765 275 4836 ge
303 4736 612 4834 Langobardorum
641 4739 807 4816 statutum
835 4740 926 4824 iuit‘,
955 4759 994 4814 ut

229 4839 256 4917 fi
285 4843 402 4939 puella
424 4843 490 4925 stne
505 4843 674 4916 volentate
696 4864 885 4941 parentent,
911 4841 995 4915 idest

227 4944 365 5046 patris.
393 4961 455 5016 aut
480 4940 651 5026 fratrum,
678 4965 739 5020 ant
764 4965 994 5045 agnatorum,

226 5049 407 5130 nuberet,
455 5043 519 5145 qui
544 5069 622 5120 eam
656 5049 824 5131 duxerit,
854 5047 998 5122 Solidoc

1107 4232 1204 4300 Mete
1242 4223 1281 4301 δι
1320 4229 1519 4326 Mergineep
1554 4232 1711 4306 dilucide
1749 4229 1872 4304 distin·

1105 4346 1280 4424 guuntur.
1335 4331 1550 4429 irrepserunt
1588 4335 1623 4405 δι
1664 4331 1732 4406 buc
1779 4331 1871 4407 vitia

1106 4434 1243 4504 multa:
1270 4458 1376 4531 quare
1401 4431 1498 4505 suum
1520 4434 1655 4508 censuit
1675 4432 1871 4533 Liutpran·

1105 4533 1170 4608 dus
1198 4537 1297 4624 Rex,
1325 4532 1470 4607 uxorios
1498 4533 1594 4608 viros
1614 4536 1801 4620 cohibere,
1827 4565 1873 4614 ne

1107 4633 1290 4708 indultae
1318 4634 1527 4709 donationes
1546 4637 1620 4726 rapi
1648 4637 1871 4716 se'smerent.

1108 4735 1200 4811 Vide
1222 4739 1353 4838 Legem
1375 4735 1524 4822 primam
1552 4742 1634 4816 Lrb.
1656 4769 1689 4818 a.
1711 4744 1770 4819 ubi
1788 4743 1871 4818 baec
1970 4818 1972 4823 .

1106 4837 1300 4912 habentur:
1343 4839 1382 4912 Si
1407 4841 1478 4937 genis
1519 4847 1751 4941 langobardus
1776 4852 1872 4917 Moe·

1101 4941 1222 5039 gincep
1243 4940 1372 5039 coniugi
1390 4941 1470 5035 June
1487 4946 1565 5018 dete
1581 4950 1741 5035 voluerit,
1767 4972 1871 5044 peen-

1105 5050 1147 5119 ee
1165 5041 1235 5130 file·
1258 5070 1329 5119 eene
1347 5044 1389 5128 ,in
1412 5044 1577 5145 cmiegene
1593 5048 1786 5144 summit,
1809 5050 1875 5123 'ite

1757 5152 1816 5225 de-
