4216 6014
298 284 376 442 '301
545 360 548 365 ·
603 298 972 449 nrssmmrro
1011 254 1525 432 ricrsrommrrm.
1722 349 1803 431 302

233 471 341 537 rum,
369 441 454 517 idest
479 443 589 515 Anno
615 440 753 516 chriti,
774 443 993 516 DCCLXV.
1031 450 1067 523 A
1098 436 1172 526 puli
1196 436 1358 532 operiunt.
1387 437 1533 511 Plautus
1556 459 1699 534 quoque
1724 439 1761 509 in
1788 438 1861 507 Ru·

231 545 271 621 in
298 571 369 643 qua
387 542 636 620 cunimundus
658 540 910 642 Langobardus
931 541 994 615 do-

231 665 295 720 nat
315 650 434 731 Cosam
459 645 686 719 domccostiiem
711 671 830 723 meam,
858 639 906 721 &¹
932 670 996 713 om-

232 774 288 818 nes
314 744 449 819 tesseras
488 747 575 836 insra
608 745 709 836 ipsam
747 743 998 816 terminationem

234 875 337 919 meam
360 847 599 936 Scandoiicias‚
624 847 680 918 vel
699 844 909 919 Passearicias
928 846 995 916 &a

236 947 426 1048 Turrigius
451 972 591 1044 quoque
611 944 670 1023 vir
688 943 998 1043 diligentissimus,

188 1097 192 1104 -
238 1051 332 1122 Part.
369 1073 402 1121 2.
440 1073 515 1147 pag.
542 1078 560 1143 5
567 1071 627 1145 33.
660 1047 703 1121 dc
739 1043 868 1146 Crypt.
894 1045 998 1120 Vati-

237 1175 313 1223 can.
335 1146 503 1223 Chartam
530 1147 636 1223 refert
662 1147 826 1247 scriptam
865 1151 999 1227 Romae

156 1264 164 1285 ‘
234 1256 337 1321 Anno
379 1255 510 1321 sextum
556 1250 676 1339 Domni
716 1249 812 1336 nasici
848 1256 879 1339 J
881 1248 1000 1320 thaneti

1099 535 1206 619 dente
1232 536 1400 609 meminit
1416 537 1633 627 erminum,
1659 536 1786 634 quibus
1809 554 1864 608 te·

1103 635 1159 710 tta
1186 636 1335 736 tegenda
1360 656 1480 710 erant.
1507 638 1606 712 Hinc
1633 663 1716 737 ergo
1743 636 1863 710 crebra

1102 737 1192 813 olim
1232 740 1271 810 in
1310 735 1532 811 Civitatibus
1575 738 1702 813 Italiae
1740 735 1864 812 incen-

1102 837 1183 919 dia,
1217 864 1306 936 quae
1343 836 1520 913 interdum
1560 837 1762 914 innumeras
1797 839 1863 913 do·

1103 965 1180 1013 mos
1207 941 1402 1015 vorabant:
1447 937 1566 1038 qualia
1593 938 1704 1013 adhuc
1732 938 1866 1014 identi-

1103 1041 1181 1117 dem
1219 1041 1379 1115 audimus
1427 1039 1582 1135 accidere
1626 1038 1666 1114 in
1706 1045 1866 1138 Septem·

1104 1142 1314 1233 trionalium
1341 1143 1557 1241 Populorum
1579 1138 1760 1216 Urbibus.
1786 1144 1864 1215 Au·
1978 1197 1979 1202 η

1103 1241 1140 1317 di
1167 1270 1260 1317 nunc
1279 1264 1362 1329 ante
1381 1262 1533 1343 quatuor
1552 1243 1696 1319 Saecula
1714 1244 1867 1340 loquen·
2004 1282 2006 1288 ·

201 1349 439 1422 ''Nonodecimi
463 1355 596 1440 Papae,
635 1346 809 1445 adque&
836 1347 1001 1420 Chaereae·
1039 1348 1069 1421 B
1104 1362 1176 1416 tem
1202 1348 1448 1421 Gualvaneum
1475 1345 1570 1419 dela
1596 1346 1756 1418 flammo
1775 1346 1865 1442 Cap.

235 1453 436 1548 Imperatoris
483 1456 603 1522 Hanno
646 1450 775 1528 Tertio,
797 1539 799 1543 y
824 1447 1001 1521 indisiionc

234 1548 330 1625 XIII.
356 1551 469 1643 Mense
495 1555 622 1624 Martio
645 1553 700 1625 die
718 1555 789 1625 XV.
810 1548 897 1624 Idest
923 1553 998 1622 An·

233 1677 282 1726 no
308 1648 440 1727 Christi
483 1655 641 1727 MXXX.
668 1651 725 1727 Ibi
759 1659 823 1725 Leo
858 1651 1000 1724 various

227 1756 339 1843 Joderc
377 1750 473 1841 locat
508 1754 704 1854 Gregorio,
752 1751 815 1851 qui
851 1769 1000 1827 vocatur

236 1849 279 1922 de
304 1851 417 1932 Gizi‚
452 1854 648 1925 medietatem
688 1856 844 1950 integram
878 1854 999 1925 deae-

235 1977 285 2022 mo
326 1952 472 2044 sosarata
515 1955 750 2046 scandasicia,
794 1974 999 2050 qnanrmum·

234 2075 294 2148 que
320 2048 392 2130 &a
409 2058 412 2063 ’
432 2052 471 2126 el
498 2052 705 2129 conditione
744 2050 919 2152 apposni,
956 2060 1001 2124 ud

229 2150 264 2237 fi
290 2156 447 2224 Damnum
472 2157 691 2251 imperatorem
717 2156 752 2226 in
779 2155 870 2244 iliam
901 2153 999 2227 Ciui-

231 2269 331 2337 tatem
356 2253 471 2325 exitam
483 2270 511 2336 ,³
525 2254 578 2332 &⁴
599 2256 640 2339 in,
661 2256 761 2352 ipsam
785 2259 918 2341 domum,
925 2255 998 2345 sta·
1032 2257 1066 2335 Ε

232 2376 277 2427 re.
291 2379 351 2425 non
377 2356 538 2452 potueris,
564 2363 631 2429 aad
656 2356 756 2454 ipsam
781 2359 906 2428 domam
929 2357 997 2446 fre·

229 2455 360 2553 gerint,
395 2472 461 2527 tam
485 2477 541 2550 per
566 2462 806 2552 Imperatorem,
847 2481 999 2554 quamque

235 2555 332 2641 etiarn
358 2553 443 2644 insra
469 2555 525 2642 istc
549 2561 711 2644 constituto
732 2558 814 2631 anni
831 2561 871 2630 de
897 2558 998 2650 ipsam

234 2655 360 2733 domum
408 2654 607 2752 lignamenta
641 2660 800 2748 fortiorem
819 2658 997 2756 fregerint,

231 2754 341 2835 omnia
365 2756 522 2842 conciam,
548 2755 596 2840 ῥ’
621 2766 661 2832 de
687 2759 752 2852 ipso
770 2760 931 2851 perditum
949 2786 997 2830 re·

226 2854 372 2945 [sacrare
408 2857 577 2954 promitto.
626 2863 725 2935 Ante
774 2886 884 2934 annos
928 2877 998 2933 tres

230 2951 420 3055 ¹(Jonrrrdus
447 2962 628 3033 Coronam
650 2960 918 3059 Imperatoriam
944 2958 999 3034 su,

235 3054 437 3158 scepturus‚
466 3064 617 3134 Romam
644 3088 725 3136 cum
751 3063 910 3137 exercitu
937 3087 999 3136 ve·

1108 1445 1191 1538 156.
1210 1445 1389 1545 Manipul.
1418 1448 1512 1520 Flor.
1541 1449 1663 1521 Tomo
1693 1447 1755 1518 xi.
1784 1450 1865 1523 Ret·
1908 1454 1910 1459 ’

1103 1545 1332 1627 Italicarum,
1370 1545 1432 1620 ubi
1458 1564 1599 1621 namuro
1625 1543 1780 1622 terribili
1807 1544 1867 1620 in·

1103 1646 1230 1721 cendio
1278 1645 1551 1743 Mediolanensic
1600 1647 1708 1723 Urbis
1754 1650 1866 1747 Anno

1102 1750 1227 1825 MCV.
1249 1746 1386 1823 subdit:
1415 1749 1476 1837 ult
1495 1747 1678 1841 scierim
1702 1750 1786 1845 qaod
1803 1748 1865 1820 Ci-

1101 1849 1192 1949 vitat
1217 1848 1402 1949 Mediolani
1433 1870 1560 1946 propter
1597 1853 1718 1921 multat
1742 1846 1865 1936 deliro-

1102 1949 1221 2022 siiones
1262 1978 1323 2047 non
1347 1971 1417 2024 erat
1442 1951 1569 2047 interim
1593 1947 1729 2024 muratis
1761 1949 1865 2021 domi-

1102 2053 1159 2125 bus
1183 2050 1375 2149 aedificata,
1396 2052 1454 2145 [ed
1478 2079 1516 2125 erc
1541 2051 1680 2127 cratibus
1687 2100 1699 2133 ,
1726 2056 1771 2121 Θ·
1796 2057 1865 2123 Pa·

1101 2152 1183 2244 leis,
1210 2153 1474 2251 quamplurimum
1498 2151 1688 2247 composta.
1716 2153 1805 2224 Unde
1832 2150 1864 2236 fi

1102 2252 1189 2351 ignis
1215 2256 1251 2325 in
1276 2281 1361 2331 rona.
1379 2260 1474 2349 aomo
1502 2255 1761 2351 socoendcbatom
1797 2272 1865 2324 rora

1101 2355 1233 2426 Ciuitas
1257 2352 1512 2429 comburebatur.
1550 2357 1648 2439 Unde}
1667 2353 1740 2449 fuit
1757 2353 1864 2443 lietu·

1100 2477 1190 2540 tom,
1225 2461 1308 2553 qaod
1324 2457 1434 2552 flante
1458 2476 1555 2530 vento
1579 2453 1755 2547 miscaria,
1773 2458 1864 2527 domo
1887 2480 1903 2505 ν

1101 2555 1207 2657 ignem
1227 2559 1445 2647 succenderet.
1490 2560 1646 2633 Tantam
1686 2551 1864 2631 nobiliffi·

1100 2682 1179 2731 mae
1216 2656 1323 2732 Urbis
1357 2656 1592 2757 dejesiionem
1636 2655 1754 2732 credat
1798 2655 1865 2754 qui

1101 2758 1212 2833 velit.
1250 2761 1328 2858 Ego
1353 2761 1388 2831 δι
1416 2777 1501 2834 tunc
1528 2759 1627 2833 aedes
1653 2783 1673 2833 e
1697 2758 1796 2851 calce
1821 2782 1863 2831 ac

1101 2856 1269 2933 lateribus
1315 2854 1515 2935 aedificatas
1559 2856 1613 2934 ibi
1640 2876 1728 2957 puto
1741 2882 1756 2959 3
1806 2855 1865 2933 sed

1101 2958 1185 3055 quia
1221 2954 1313 3032 tesia
1353 2962 1535 3058 complura
1585 2957 1762 3034 Scindulis
1803 2975 1865 3034 aut

1104 3056 1219 3132 Paleis
1254 3059 1461 3159 tegebantur
1470 3084 1484 3160 3
1535 3057 1617 3133 inde
1673 3058 1865 3133 dilatandis

232 3178 357 3233 uerat.
408 3163 469 3234 An
512 3162 587 3261 ejus
628 3161 763 3237 milites
789 3159 1000 3249 modestese
1034 3163 1069 3233 D
1103 3156 1281 3255 incendiis
1306 3158 1423 3233 facilis
1449 3177 1524 3235 erat
1549 3158 1703 3233 occafio.
1746 3162 1866 3253 Quare

234 3258 423 3356 gesserint,
452 3257 603 3335 fortallis
622 3261 708 3335 hinc
726 3260 857 3336 discere
876 3256 999 3378 poffis,

236 3357 497 3431 Animaduerte
532 3377 708 3457 praeterea
747 3360 1000 3458 antiquitatem

234 3453 385 3558 Italicge
413 3454 512 3533 vocis
538 3461 689 3533 Conciare
706 3487 769 3561 pro
789 3460 999 3551 Restauraee,

230 3555 400 3647 preficere:
439 3584 533 3660 quae
564 3558 709 3657 quidem
734 3560 838 3639 Italis
871 3562 912 3636 in
937 3563 998 3635 ulu

233 3652 343 3731 etiam
383 3676 461 3733 erat
495 3662 621 3736 Seculo
656 3665 700 3736 x.
728 3679 769 3750 ut
802 3660 919 3760 liquet
953 3688 997 3736 ex

232 3757 368 3833 Charta
393 3757 497 3863 Anni
523 3763 792 3838 Dccccllx.
833 3762 903 3860 jam
942 3759 998 3836 su·

195 3931 199 3939 ,
231 3884 294 4033 ppa
330 3885 444 3943 ame·
469 3863 633 3962 erulgata
667 3861 707 3937 iu
744 3861 997 3959 Differtatione

135 4006 138 4013 -
269 3960 371 4034 Vlll.
412 3962 553 4059 ‚Vocem
596 3959 709 4062 ipsam
742 3963 937 4041 Ferrarius
977 3991 997 4038 a

1105 3276 1147 3332 ut
1181 3257 1265 3334 huic
1298 3258 1529 3334 incommodo
1569 3262 1606 3335 δι
1642 3258 1801 3355 periculo
1827 3257 1867 3334 in

1106 3355 1276 3459 posterum
1303 3356 1540 3460 prospicerent
1566 3359 1711 3455 Italici,
1746 3358 1867 3437 limui-

1106 3486 1174 3558 que
1200 3479 1241 3555 ut
1267 3462 1435 3559 majorem
1460 3456 1686 3537 Civitatibus
1704 3461 1867 3536 decorem

1106 3578 1375 3658 compararent,
1402 3581 1591 3655 caverunt,
1614 3565 1674 3637 'ne
1700 3562 1867 3662 cuiquam

1106 3662 1199 3736 ultra
1224 3658 1349 3737 liceret
1375 3661 1473 3736 aedes
1501 3662 1595 3738 intra
1621 3662 1754 3738 Urbem
1779 3661 1869 3763 post-

1105 3780 1158 3836 tas
1204 3761 1319 3838 Paleis
1366 3781 1571 3864 contegere.
1626 3762 1762 3839 Praesto
1787 3762 1869 3841 heic

1063 3910 1067 3920 ·
1106 3860 1274 3961 mihiest
1296 3862 1450 3939 Robrica
1478 3889 1562 3963 223.
1589 3865 1673 3941 Lib.
1695 3892 1728 3941 a.
1748 3870 1869 3940 Statu·

1107 3954 1226 4038 coemit¹
1252 3966 1439 4040 MSrorum
1465 3968 1576 4042 Anno
1598 3969 1869 4044 mcccxxx-

230 4060 428 4135 Concinnare
467 4060 612 4162 traxit3
657 4079 694 4136 at
731 4054 933 4165 ¹Menagius
977 4091 997 4138 a
1032 4063 1060 4131 E
1108 4067 1210 4138 VlII.
1230 4065 1406 4143 ferrariae
1424 4066 1672 4161 conditorum,
1700 4068 1760 4144 ubi
1780 4070 1866 4143 baec

184 4220 186 4223 -
231 4166 352 4243 Cerno,
390 4167 543 4252 comtos,
582 4164 735 4254 Comria,
775 4166 811 4238 δι
853 4163 996 4264 quidem

231 4261 389 4347 cestius.
434 4263 596 4337 Comtiare
643 4262 825 4361 deduxit.
874 4258 997 4365 Itaque

233 4378 320 4437 tunc
347 4362 453 4438 Italia
488 4361 666 4465 frequenti
702 4363 741 4439 in
776 4364 838 4441 usu
873 4364 999 4441 habuit

232 4465 333 4539 aedes
358 4467 603 4556 scandalione,
629 4492 719 4564 quae
744 4467 797 4542 ita
823 4466 997 4544 asserculis

235 4563 363 4665 ligneis
388 4568 470 4641 loco
497 4565 687 4642 imbricum
724 4593 764 4644 ac
799 4571 994 4670 tegularum

228 4669 501 4766 operiebantur,
538 4669 594 4744 uti
635 4668 726 4744 olim
766 4669 996 4745 arundinibus

232 4769 272 4844 in
300 4768 509 4843 Germania.
546 4773 600 4845 De
638 4770 711 4846 iliis
749 4771 886 4847 Plinius
912 4771 995 4849 Lib.

232 4871 292 4948 16.
320 4872 407 4968 Cap.
439 4871 497 4964 36.
538 4872 658 4967 Tegolo
691 4899 797 4947 earum
823 4872 838 4972 (
853 4872 995 4949 arundi-

226 4973 345 5071 num)
385 4971 496 5045 domus
524 4968 603 5062 suas
629 4974 899 5071 Septentrimaser
929 4981 995 5056 Po·

1107 4162 1233 4240 verba:
1262 4170 1326 4240 Aa
1350 4165 1486 4261 officium
1501 4169 1731 4260 praediisorurn
1757 4163 1868 4260 (idest

1108 4264 1382 4343 Aestimatorum
1408 4296 1453 4344 .a
1494 4267 1687 4366 Republica
1735 4263 1869 4338 elesio-

1108 4394 1186 4442 rum
1207 4370 1222 4468 )
1246 4372 1425 4466 pertineat,
1466 4397 1505 4439 ne
1528 4371 1638 4459 domas
1663 4365 1775 4461 aliqua
1800 4373 1869 4439 Pa·

1106 4469 1214 4553 seara,
1232 4471 1307 4558 five
1322 4478 1363 4542 de
1379 4469 1495 4542 storiis
1514 4467 1529 4564 (
1544 4464 1763 4543 contendunt
1779 4492 1871 4543 non·

1107 4568 1224 4662 nulli,
1249 4571 1396 4654 scorias,
1423 4593 1495 4640 nou
1523 4572 1688 4654 storeas,
1728 4568 1772 4644 ab
1807 4596 1870 4646 an·

1107 4669 1220 4772 tiquis
1246 4671 1354 4747 etiam
1381 4667 1550 4772 scriptum
1577 4669 1712 4773 soille)
1751 4695 1871 4772 croper-

1106 4793 1143 4846 ta
1161 4772 1210 4859 stt
1235 4774 1270 4847 in
1294 4771 1442 4847 Ciuitate
1477 4774 1646 4850 Ferrariae
1683 4802 1706 4848 a
1729 4775 1872 4852 terraliir

1107 4874 1216 4966 insta,
1236 4874 1408 4968 secundino
1424 4879 1516 4971 ⁴qrrrcs
1541 4876 1605 4971 snb
1634 4874 1760 4974 officis
1783 4876 1871 4947 elau·

1106 4975 1198 5055 dirce
1221 4976 1375 5055 Ciuitas.
1420 4979 1487 5052 sed
1521 5003 1624 5052 omnes
1657 4975 1870 5072 cooperiantur

1754 5072 1818 5174 *de

1935 5420 2057 5632 {¹
