<?xml version="1.0" encoding="UTF-8"?>
<!DOCTYPE html PUBLIC "-//W3C//DTD XHTML 1.0 Transitional//EN"
    "http://www.w3.org/TR/xhtml1/DTD/xhtml1-transitional.dtd">
<html xmlns="http://www.w3.org/1999/xhtml" xml:lang="en" lang="en">
 <head>
  <title>
</title>
<meta http-equiv="Content-Type" content="text/html;charset=utf-8" />
  <meta name='ocr-system' content='tesseract 3.04.00' />
  <meta name='ocr-capabilities' content='ocr_page ocr_carea ocr_par ocr_line ocrx_word'/>
</head>
<body>
  <div class='ocr_page' id='page_1' title='image "./antiquitatesita01muragoog_0213.png"; bbox 0 0 4216 6014; ppageno 0'>
   <div class='ocr_carea' id='block_1_1' title="bbox 298 279 1814 406">
    <p class='ocr_par' dir='ltr' id='par_1_1' title="bbox 298 225 1814 406">
     <span class='ocr_line' id='line_1_1' title="bbox 298 279 1814 406; baseline -0.003 -28"><span class='ocrx_word' id='word_1_1' title='bbox 298 296 387 401; x_wconf 59' lang='grc' dir='ltr'><strong>μγ</strong></span> <span class='ocrx_word' id='word_1_2' title='bbox 572 279 1545 403; x_wconf 63' lang='lat' dir='ltr'><strong>Autronianrnrrnnrr</strong></span> <span class='ocrx_word' id='word_1_3' title='bbox 1723 301 1814 406; x_wconf 60' lang='lat' dir='ltr'><strong>,cc</strong></span> 
     </span>
    </p>
   </div>
   <div class='ocr_carea' id='block_1_2' title="bbox 233 397 1001 1385">
    <p class='ocr_par' dir='ltr' id='par_1_2' title="bbox 233 397 1001 1385">
     <span class='ocr_line' id='line_1_2' title="bbox 242 397 1001 503; baseline 0.007 -32"><span class='ocrx_word' id='word_1_4' title='bbox 242 397 359 483; x_wconf 84' lang='lat' dir='ltr'><strong>biles,</strong></span> <span class='ocrx_word' id='word_1_5' title='bbox 385 399 578 503; x_wconf 84' lang='lat' dir='ltr'><strong>multisque</strong></span> <span class='ocrx_word' id='word_1_6' title='bbox 605 405 863 482; x_wconf 76' lang='lat' dir='ltr'><strong>mutationibus</strong></span> <span class='ocrx_word' id='word_1_7' title='bbox 887 404 1001 478; x_wconf 91' lang='lat' dir='ltr'><strong>obno-</strong></span> 
     </span>
     <span class='ocr_line' id='line_1_3' title="bbox 240 499 1001 583; baseline 0.005 -8"><span class='ocrx_word' id='word_1_8' title='bbox 240 499 321 577; x_wconf 85' lang='lat' dir='ltr'><strong>xios</strong></span> <span class='ocrx_word' id='word_1_9' title='bbox 346 505 437 579; x_wconf 88' lang='lat' dir='ltr'><strong>olim</strong></span> <span class='ocrx_word' id='word_1_10' title='bbox 474 505 573 581; x_wconf 85' lang='lat' dir='ltr'><strong>fuilse</strong></span> <span class='ocrx_word' id='word_1_11' title='bbox 599 510 804 583; x_wconf 74' lang='lat' dir='ltr'>Comitatus</span> <span class='ocrx_word' id='word_1_12' title='bbox 839 531 878 578; x_wconf 90' lang='lat' dir='ltr'><strong>ac</strong></span> <span class='ocrx_word' id='word_1_13' title='bbox 913 502 1001 579; x_wconf 81' lang='lat' dir='ltr'><strong>sines</strong></span> 
     </span>
     <span class='ocr_line' id='line_1_4' title="bbox 238 605 1000 704; baseline 0.007 -28"><span class='ocrx_word' id='word_1_14' title='bbox 238 605 427 681; x_wconf 84' lang='lat' dir='ltr'><strong>Urbium.</strong></span> <span class='ocrx_word' id='word_1_15' title='bbox 468 613 571 704; x_wconf 90' lang='lat' dir='ltr'><strong>Quae</strong></span> <span class='ocrx_word' id='word_1_16' title='bbox 610 634 724 682; x_wconf 89' lang='lat' dir='ltr'><strong>rerum</strong></span> <span class='ocrx_word' id='word_1_17' title='bbox 767 605 1000 681; x_wconf 79' lang='lat' dir='ltr'><strong>inconstantia</strong></span> 
     </span>
     <span class='ocr_line' id='line_1_5' title="bbox 238 706 997 805; baseline 0 -26"><span class='ocrx_word' id='word_1_18' title='bbox 238 706 370 782; x_wconf 90' lang='lat' dir='ltr'><strong>mirum</strong></span> <span class='ocrx_word' id='word_1_19' title='bbox 390 709 498 783; x_wconf 92' lang='lat' dir='ltr'><strong>etiam</strong></span> <span class='ocrx_word' id='word_1_20' title='bbox 519 713 555 781; x_wconf 91' lang='lat' dir='ltr'><strong>in</strong></span> <span class='ocrx_word' id='word_1_21' title='bbox 577 708 719 783; x_wconf 87' lang='lat' dir='ltr'><strong>modum</strong></span> <span class='ocrx_word' id='word_1_22' title='bbox 737 708 874 788; x_wconf 79' lang='lat' dir='ltr'><strong>crevit,</strong></span> <span class='ocrx_word' id='word_1_23' title='bbox 888 733 997 805; x_wconf 89' lang='lat' dir='ltr'><strong>quum</strong></span> 
     </span>
     <span class='ocr_line' id='line_1_6' title="bbox 240 807 999 907; baseline 0 -25"><span class='ocrx_word' id='word_1_24' title='bbox 240 810 394 885; x_wconf 87' lang='lat' dir='ltr'><strong>Urbium</strong></span> <span class='ocrx_word' id='word_1_25' title='bbox 421 812 625 884; x_wconf 79' lang='lat' dir='ltr'><strong>Comitatus</strong></span> <span class='ocrx_word' id='word_1_26' title='bbox 652 808 771 907; x_wconf 88' lang='lat' dir='ltr'><strong>coepti</strong></span> <span class='ocrx_word' id='word_1_27' title='bbox 801 807 881 884; x_wconf 86' lang='lat' dir='ltr'><strong>lunt</strong></span> <span class='ocrx_word' id='word_1_28' title='bbox 907 808 999 882; x_wconf 91' lang='lat' dir='ltr'><strong>libe·</strong></span> 
     </span>
     <span class='ocr_line' id='line_1_7' title="bbox 236 908 998 1010; baseline -0.001 -26"><span class='ocrx_word' id='word_1_29' title='bbox 236 910 403 985; x_wconf 87' lang='lat' dir='ltr'><strong>raliffime</strong></span> <span class='ocrx_word' id='word_1_30' title='bbox 431 908 570 998; x_wconf 85' lang='lat' dir='ltr'><strong>scindi,</strong></span> <span class='ocrx_word' id='word_1_31' title='bbox 597 936 790 1009; x_wconf 90' lang='lat' dir='ltr'><strong>eorumque</strong></span> <span class='ocrx_word' id='word_1_32' title='bbox 816 908 998 1010; x_wconf 80' lang='lat' dir='ltr'><strong>portiones</strong></span> 
     </span>
     <span class='ocr_line' id='line_1_8' title="bbox 237 1009 997 1109; baseline -0.003 -23"><span class='ocrx_word' id='word_1_33' title='bbox 237 1013 369 1086; x_wconf 83' lang='lat' dir='ltr'><strong>effundi</strong></span> <span class='ocrx_word' id='word_1_34' title='bbox 409 1009 447 1081; x_wconf 91' lang='lat' dir='ltr'><strong>in</strong></span> <span class='ocrx_word' id='word_1_35' title='bbox 484 1010 649 1086; x_wconf 85' lang='lat' dir='ltr'><strong>Comites</strong></span> <span class='ocrx_word' id='word_1_36' title='bbox 690 1009 997 1109; x_wconf 74' lang='lat' dir='ltr'><strong>Ruralesr&#39;quod</strong></span> 
     </span>
     <span class='ocr_line' id='line_1_9' title="bbox 235 1108 998 1213; baseline 0.001 -29"><span class='ocrx_word' id='word_1_37' title='bbox 235 1108 437 1212; x_wconf 84' lang='lat' dir='ltr'><strong>praesertim</strong></span> <span class='ocrx_word' id='word_1_38' title='bbox 474 1112 631 1213; x_wconf 88' lang='lat' dir='ltr'><strong>contigit</strong></span> <span class='ocrx_word' id='word_1_39' title='bbox 668 1113 894 1212; x_wconf 85' lang='lat' dir='ltr'><strong>regnantibus</strong></span> <span class='ocrx_word' id='word_1_40' title='bbox 920 1116 998 1185; x_wconf 87' lang='lat' dir='ltr'><strong>Au-</strong></span> 
     </span>
     <span class='ocr_line' id='line_1_10' title="bbox 233 1211 997 1385; baseline 0.004 -101"><span class='ocrx_word' id='word_1_41' title='bbox 233 1211 340 1385; x_wconf 77' lang='lat' dir='ltr'><strong>gustis</strong></span> <span class='ocrx_word' id='word_1_42' title='bbox 382 1213 630 1288; x_wconf 87' lang='lat' dir='ltr'><strong>Germanicis.</strong></span> <span class='ocrx_word' id='word_1_43' title='bbox 675 1217 807 1288; x_wconf 88' lang='lat' dir='ltr'><strong>Verlrm</strong></span> <span class='ocrx_word' id='word_1_44' title='bbox 847 1213 890 1288; x_wconf 93' lang='lat' dir='ltr'><strong>dc</strong></span> <span class='ocrx_word' id='word_1_45' title='bbox 930 1212 997 1287; x_wconf 90' lang='lat' dir='ltr'><strong>hoc</strong></span> 
     </span>
    </p>
   </div>
   <div class='ocr_carea' id='block_1_3' title="bbox 252 1312 1068 1413">
    <p class='ocr_par' dir='ltr' id='par_1_3' title="bbox 252 1312 1068 1413">
     <span class='ocr_line' id='line_1_11' title="bbox 252 1312 1068 1413; baseline -0.004 -26"><span class='ocrx_word' id='word_1_46' title='bbox 252 1340 336 1413; x_wconf 91' lang='lat' dir='ltr'><strong>upra</strong></span> <span class='ocrx_word' id='word_1_47' title='bbox 356 1313 471 1387; x_wconf 74' lang='lat' dir='ltr'><strong>ablum</strong></span> <span class='ocrx_word' id='word_1_48' title='bbox 492 1312 538 1387; x_wconf 85' lang='lat' dir='ltr'><strong>cll</strong></span> <span class='ocrx_word' id='word_1_49' title='bbox 564 1314 603 1388; x_wconf 91' lang='lat' dir='ltr'><strong>in</strong></span> <span class='ocrx_word' id='word_1_50' title='bbox 625 1314 876 1389; x_wconf 79' lang='lat' dir='ltr'><strong>Dilicrtatione</strong></span> <span class='ocrx_word' id='word_1_51' title='bbox 895 1316 998 1387; x_wconf 88' lang='lat' dir='ltr'><strong>VlIl.</strong></span> <span class='ocrx_word' id='word_1_52' title='bbox 1037 1312 1068 1384; x_wconf 87' lang='lat' dir='ltr'>B</span> 
     </span>
    </p>
   </div>
   <div class='ocr_carea' id='block_1_4' title="bbox 232 1413 1002 1924">
    <p class='ocr_par' dir='ltr' id='par_1_4' title="bbox 232 1413 1002 1924">
     <span class='ocr_line' id='line_1_12' title="bbox 233 1413 1000 1511; baseline 0.001 -25"><span class='ocrx_word' id='word_1_53' title='bbox 233 1416 275 1486; x_wconf 77' lang='lat' dir='ltr'><strong>ae</strong></span> <span class='ocrx_word' id='word_1_54' title='bbox 315 1414 515 1511; x_wconf 77' lang='lat' dir='ltr'><strong>Caeritibus.</strong></span> <span class='ocrx_word' id='word_1_55' title='bbox 559 1418 669 1490; x_wconf 88' lang='lat' dir='ltr'><strong>Porro</strong></span> <span class='ocrx_word' id='word_1_56' title='bbox 702 1417 792 1490; x_wconf 92' lang='lat' dir='ltr'><strong>olim</strong></span> <span class='ocrx_word' id='word_1_57' title='bbox 830 1413 870 1489; x_wconf 76' lang='grc' dir='ltr'>ἃ</span> <span class='ocrx_word' id='word_1_58' title='bbox 910 1414 1000 1488; x_wconf 87' lang='lat' dir='ltr'><strong>aliae</strong></span> 
     </span>
     <span class='ocr_line' id='line_1_13' title="bbox 232 1511 1001 1608; baseline 0.001 -20"><span class='ocrx_word' id='word_1_59' title='bbox 232 1511 412 1590; x_wconf 86' lang='lat' dir='ltr'><strong>Civitates</strong></span> <span class='ocrx_word' id='word_1_60' title='bbox 466 1512 503 1590; x_wconf 88' lang='lat' dir='ltr'><strong>iri</strong></span> <span class='ocrx_word' id='word_1_61' title='bbox 548 1516 654 1591; x_wconf 90' lang='lat' dir='ltr'><strong>ltalia</strong></span> <span class='ocrx_word' id='word_1_62' title='bbox 695 1517 1001 1608; x_wconf 83' lang='lat' dir='ltr'><strong>numerabantur,</strong></span> 
     </span>
     <span class='ocr_line' id='line_1_14' title="bbox 235 1617 1002 1721; baseline 0.005 -35"><span class='ocrx_word' id='word_1_63' title='bbox 235 1639 384 1712; x_wconf 88' lang='lat' dir='ltr'><strong>quarum</strong></span> <span class='ocrx_word' id='word_1_64' title='bbox 410 1619 467 1690; x_wconf 84' lang='lat' dir='ltr'><strong>vel</strong></span> <span class='ocrx_word' id='word_1_65' title='bbox 495 1617 568 1716; x_wconf 87' lang='lat' dir='ltr'><strong>ipsa</strong></span> <span class='ocrx_word' id='word_1_66' title='bbox 590 1618 732 1721; x_wconf 82' lang='lat' dir='ltr'><strong>uestigia</strong></span> <span class='ocrx_word' id='word_1_67' title='bbox 751 1618 917 1695; x_wconf 82' lang='lat' dir='ltr'><strong>excidilie</strong></span> <span class='ocrx_word' id='word_1_68' title='bbox 937 1644 1002 1691; x_wconf 91' lang='lat' dir='ltr'><strong>no-</strong></span> 
     </span>
     <span class='ocr_line' id='line_1_15' title="bbox 232 1716 1000 1816; baseline 0.004 -28"><span class='ocrx_word' id='word_1_69' title='bbox 232 1716 382 1791; x_wconf 82' lang='lat' dir='ltr'><strong>vimus.</strong></span> <span class='ocrx_word' id='word_1_70' title='bbox 425 1723 514 1792; x_wconf 86' lang='lat' dir='ltr'><strong>Sunt</strong></span> <span class='ocrx_word' id='word_1_71' title='bbox 553 1739 701 1811; x_wconf 86' lang='lat' dir='ltr'><strong>tamen,</strong></span> <span class='ocrx_word' id='word_1_72' title='bbox 742 1749 832 1816; x_wconf 89' lang='lat' dir='ltr'><strong>quae</strong></span> <span class='ocrx_word' id='word_1_73' title='bbox 870 1744 1000 1793; x_wconf 88' lang='lat' dir='ltr'><strong>nomen</strong></span> 
     </span>
     <span class='ocr_line' id='line_1_16' title="bbox 233 1814 1001 1924; baseline 0.004 -33"><span class='ocrx_word' id='word_1_74' title='bbox 233 1814 360 1892; x_wconf 80' lang='lat' dir='ltr'><strong>saltem</strong></span> <span class='ocrx_word' id='word_1_75' title='bbox 405 1821 588 1917; x_wconf 83' lang='lat' dir='ltr'><strong>retinent,</strong></span> <span class='ocrx_word' id='word_1_76' title='bbox 625 1850 825 1924; x_wconf 80' lang='lat' dir='ltr'><strong>qumquam</strong></span> <span class='ocrx_word' id='word_1_77' title='bbox 872 1849 892 1897; x_wconf 90' lang='lat' dir='ltr'><strong>a</strong></span> <span class='ocrx_word' id='word_1_78' title='bbox 928 1820 1001 1923; x_wconf 90' lang='lat' dir='ltr'><strong>pri·</strong></span> 
     </span>
    </p>
   </div>
   <div class='ocr_carea' id='block_1_5' title="bbox 1043 400 1876 510">
    <p class='ocr_par' dir='ltr' id='par_1_5' title="bbox 1043 400 1876 510">
     <span class='ocr_line' id='line_1_17' title="bbox 1043 400 1876 510; baseline 0.025 -40"><span class='ocrx_word' id='word_1_79' title='bbox 1043 411 1078 484; x_wconf 73' lang='grc' dir='ltr'>Α</span> <span class='ocrx_word' id='word_1_80' title='bbox 1110 425 1234 477; x_wconf 84' lang='lat' dir='ltr'><strong>macra</strong></span> <span class='ocrx_word' id='word_1_81' title='bbox 1268 401 1444 506; x_wconf 77' lang='lat' dir='ltr'><strong>dignitate</strong></span> <span class='ocrx_word' id='word_1_82' title='bbox 1481 400 1630 479; x_wconf 87' lang='lat' dir='ltr'><strong>omnino</strong></span> <span class='ocrx_word' id='word_1_83' title='bbox 1667 413 1876 510; x_wconf 73' lang='lat' dir='ltr'><strong>prolapsae.</strong></span> 
     </span>
    </p>
   </div>
   <div class='ocr_carea' id='block_1_6' title="bbox 1097 504 1922 1920">
    <p class='ocr_par' dir='ltr' id='par_1_6' title="bbox 1097 504 1922 1920">
     <span class='ocr_line' id='line_1_18' title="bbox 1109 504 1868 606; baseline 0.016 -31"><span class='ocrx_word' id='word_1_84' title='bbox 1109 509 1315 597; x_wconf 77' lang='lat' dir='ltr'><strong>Antemnae,</strong></span> <span class='ocrx_word' id='word_1_85' title='bbox 1341 504 1499 604; x_wconf 83' lang='lat' dir='ltr'><strong>exempli</strong></span> <span class='ocrx_word' id='word_1_86' title='bbox 1525 506 1666 606; x_wconf 81' lang='lat' dir='ltr'><strong>gratii,</strong></span> <span class='ocrx_word' id='word_1_87' title='bbox 1697 511 1868 606; x_wconf 85' lang='lat' dir='ltr'><strong>Ciuitas,</strong></span> 
     </span>
     <span class='ocr_line' id='line_1_19' title="bbox 1109 605 1865 709; baseline 0.012 -29"><span class='ocrx_word' id='word_1_88' title='bbox 1109 605 1323 680; x_wconf 87' lang='lat' dir='ltr'><strong>Latinorum</strong></span> <span class='ocrx_word' id='word_1_89' title='bbox 1351 606 1570 705; x_wconf 87' lang='lat' dir='ltr'><strong>temporibus</strong></span> <span class='ocrx_word' id='word_1_90' title='bbox 1596 634 1670 682; x_wconf 91' lang='lat' dir='ltr'><strong>nnn</strong></span> <span class='ocrx_word' id='word_1_91' title='bbox 1696 607 1865 709; x_wconf 87' lang='lat' dir='ltr'><strong>ignobilis</strong></span> 
     </span>
     <span class='ocr_line' id='line_1_20' title="bbox 1110 704 1864 799; baseline 0.015 -22"><span class='ocrx_word' id='word_1_92' title='bbox 1110 704 1189 780; x_wconf 91' lang='lat' dir='ltr'><strong>sane</strong></span> <span class='ocrx_word' id='word_1_93' title='bbox 1214 706 1307 799; x_wconf 85' lang='lat' dir='ltr'><strong>fuir,</strong></span> <span class='ocrx_word' id='word_1_94' title='bbox 1333 733 1404 781; x_wconf 91' lang='lat' dir='ltr'><strong>non</strong></span> <span class='ocrx_word' id='word_1_95' title='bbox 1433 711 1586 783; x_wconf 89' lang='lat' dir='ltr'><strong>multum</strong></span> <span class='ocrx_word' id='word_1_96' title='bbox 1608 708 1734 784; x_wconf 86' lang='lat' dir='ltr'><strong>distans</strong></span> <span class='ocrx_word' id='word_1_97' title='bbox 1753 737 1771 784; x_wconf 91' lang='lat' dir='ltr'><strong>a</strong></span> <span class='ocrx_word' id='word_1_98' title='bbox 1788 711 1864 789; x_wconf 87' lang='lat' dir='ltr'><strong>ion·</strong></span> 
     </span>
     <span class='ocr_line' id='line_1_21' title="bbox 1108 807 1871 911; baseline 0.014 -33"><span class='ocrx_word' id='word_1_99' title='bbox 1108 807 1204 881; x_wconf 88' lang='lat' dir='ltr'><strong>tibus</strong></span> <span class='ocrx_word' id='word_1_100' title='bbox 1230 808 1382 883; x_wconf 87' lang='lat' dir='ltr'><strong>Anienis</strong></span> <span class='ocrx_word' id='word_1_101' title='bbox 1409 807 1424 906; x_wconf 91' lang='lat'>(</span> <span class='ocrx_word' id='word_1_102' title='bbox 1439 836 1532 883; x_wconf 89' lang='lat' dir='ltr'><strong>nunc</strong></span> <span class='ocrx_word' id='word_1_103' title='bbox 1568 811 1596 882; x_wconf 88' lang='lat' dir='ltr'><strong>ii</strong></span> <span class='ocrx_word' id='word_1_104' title='bbox 1621 814 1806 911; x_wconf 80' lang='lat' dir='ltr'><strong>Tenernne)</strong></span> <span class='ocrx_word' id='word_1_105' title='bbox 1830 813 1871 889; x_wconf 92' lang='lat' dir='ltr'><strong>in</strong></span> 
     </span>
     <span class='ocr_line' id='line_1_22' title="bbox 1107 907 1871 997; baseline 0.013 -18"><span class='ocrx_word' id='word_1_106' title='bbox 1107 907 1304 983; x_wconf 80' lang='lat' dir='ltr'><strong>Hernicis.</strong></span> <span class='ocrx_word' id='word_1_107' title='bbox 1339 913 1429 983; x_wconf 82' lang='lat' dir='ltr'><strong>Eam</strong></span> <span class='ocrx_word' id='word_1_108' title='bbox 1457 931 1699 986; x_wconf 87' lang='lat' dir='ltr'><strong>memorarunt</strong></span> <span class='ocrx_word' id='word_1_109' title='bbox 1727 918 1871 997; x_wconf 83' lang='lat' dir='ltr'><strong>Varro,</strong></span> 
     </span>
     <span class='ocr_line' id='line_1_23' title="bbox 1107 1005 1873 1106; baseline 0.02 -28"><span class='ocrx_word' id='word_1_110' title='bbox 1107 1005 1244 1092; x_wconf 82' lang='lat' dir='ltr'><strong>Festus,</strong></span> <span class='ocrx_word' id='word_1_111' title='bbox 1272 1009 1438 1092; x_wconf 79' lang='lat' dir='ltr'><strong>Servius,</strong></span> <span class='ocrx_word' id='word_1_112' title='bbox 1474 1011 1632 1094; x_wconf 82' lang='lat' dir='ltr'><strong>Livius,</strong></span> <span class='ocrx_word' id='word_1_113' title='bbox 1668 1012 1803 1106; x_wconf 83' lang='lat' dir='ltr'><strong>Silius,</strong></span> <span class='ocrx_word' id='word_1_114' title='bbox 1832 1012 1873 1093; x_wconf 76' lang='grc' dir='ltr'><strong>δι</strong></span> 
     </span>
     <span class='ocr_line' id='line_1_24' title="bbox 1107 1109 1872 1192; baseline 0.012 -11"><span class='ocrx_word' id='word_1_115' title='bbox 1107 1109 1171 1185; x_wconf 89' lang='lat' dir='ltr'><strong>alii</strong></span> <span class='ocrx_word' id='word_1_116' title='bbox 1206 1136 1227 1183; x_wconf 87' lang='lat' dir='ltr'><strong>a</strong></span> <span class='ocrx_word' id='word_1_117' title='bbox 1262 1110 1436 1185; x_wconf 88' lang='lat' dir='ltr'><strong>Cluverio</strong></span> <span class='ocrx_word' id='word_1_118' title='bbox 1477 1112 1637 1187; x_wconf 87' lang='lat' dir='ltr'><strong>recenfiti</strong></span> <span class='ocrx_word' id='word_1_119' title='bbox 1677 1115 1793 1192; x_wconf 92' lang='lat' dir='ltr'><strong>Libro</strong></span> <span class='ocrx_word' id='word_1_120' title='bbox 1835 1141 1872 1190; x_wconf 82' lang='lat'><strong>2.</strong></span> 
     </span>
     <span class='ocr_line' id='line_1_25' title="bbox 1107 1212 1874 1313; baseline 0.01 -30"><span class='ocrx_word' id='word_1_121' title='bbox 1107 1213 1195 1310; x_wconf 86' lang='lat' dir='ltr'><strong>Cap.</strong></span> <span class='ocrx_word' id='word_1_122' title='bbox 1221 1236 1258 1308; x_wconf 87' lang='lat'><strong>9.</strong></span> <span class='ocrx_word' id='word_1_123' title='bbox 1285 1237 1362 1313; x_wconf 89' lang='lat' dir='ltr'><strong>pag.</strong></span> <span class='ocrx_word' id='word_1_124' title='bbox 1388 1212 1475 1307; x_wconf 79' lang='lat'><strong>665.</strong></span> <span class='ocrx_word' id='word_1_125' title='bbox 1514 1212 1640 1287; x_wconf 89' lang='lat' dir='ltr'><strong>Italiae</strong></span> <span class='ocrx_word' id='word_1_126' title='bbox 1676 1216 1874 1313; x_wconf 89' lang='lat' dir='ltr'><strong>antiquae.</strong></span> 
     </span>
     <span class='ocr_line' id='line_1_26' title="bbox 1108 1311 1875 1412; baseline 0.007 -28"><span class='ocrx_word' id='word_1_127' title='bbox 1108 1315 1323 1412; x_wconf 87' lang='lat' dir='ltr'><strong>Appellatur</strong></span> <span class='ocrx_word' id='word_1_128' title='bbox 1360 1314 1472 1388; x_wconf 88' lang='lat' dir='ltr'><strong>adhuc</strong></span> <span class='ocrx_word' id='word_1_129' title='bbox 1506 1316 1623 1387; x_wconf 73' lang='lat' dir='ltr'><strong>Ciuitd</strong></span> <span class='ocrx_word' id='word_1_130' title='bbox 1658 1311 1875 1409; x_wconf 74' lang='lat' dir='ltr'><strong>d&#39;Anrina,</strong></span> 
     </span>
     <span class='ocr_line' id='line_1_27' title="bbox 1107 1410 1922 1512; baseline 0.009 -27"><span class='ocrx_word' id='word_1_131' title='bbox 1107 1410 1315 1512; x_wconf 85' lang='lat' dir='ltr'><strong>quanquam</strong></span> <span class='ocrx_word' id='word_1_132' title='bbox 1349 1413 1481 1490; x_wconf 91' lang='lat' dir='ltr'><strong>humili</strong></span> <span class='ocrx_word' id='word_1_133' title='bbox 1525 1413 1665 1490; x_wconf 75' lang='lat' dir='ltr'><strong>fortuni</strong></span> <span class='ocrx_word' id='word_1_134' title='bbox 1703 1413 1870 1492; x_wconf 82' lang='lat' dir='ltr'><strong>fruatur.</strong></span> <span class='ocrx_word' id='word_1_135' title='bbox 1910 1451 1922 1460; x_wconf 38' lang='lat' dir='ltr'><strong>r</strong></span> 
     </span>
     <span class='ocr_line' id='line_1_28' title="bbox 1107 1513 1870 1612; baseline 0.008 -26"><span class='ocrx_word' id='word_1_136' title='bbox 1107 1513 1193 1612; x_wconf 81' lang='lat' dir='ltr'><strong>Ejus</strong></span> <span class='ocrx_word' id='word_1_137' title='bbox 1219 1534 1337 1591; x_wconf 88' lang='lat' dir='ltr'><strong>autem</strong></span> <span class='ocrx_word' id='word_1_138' title='bbox 1365 1515 1502 1592; x_wconf 90' lang='lat' dir='ltr'><strong>mentio</strong></span> <span class='ocrx_word' id='word_1_139' title='bbox 1535 1515 1690 1591; x_wconf 91' lang='lat' dir='ltr'><strong>occurrit</strong></span> <span class='ocrx_word' id='word_1_140' title='bbox 1725 1517 1762 1590; x_wconf 90' lang='lat' dir='ltr'><strong>in</strong></span> <span class='ocrx_word' id='word_1_141' title='bbox 1799 1521 1870 1594; x_wconf 88' lang='lat' dir='ltr'><strong>Li·</strong></span> 
     </span>
     <span class='ocr_line' id='line_1_29' title="bbox 1097 1615 1866 1692; baseline 0.001 -3"><span class='ocrx_word' id='word_1_142' title='bbox 1097 1616 1191 1692; x_wconf 71' lang='lat' dir='ltr'><strong>&#39;teris</strong></span> <span class='ocrx_word' id='word_1_143' title='bbox 1218 1617 1416 1692; x_wconf 84' lang='lat' dir='ltr'><strong>Alexandri</strong></span> <span class='ocrx_word' id='word_1_144' title='bbox 1452 1615 1520 1692; x_wconf 89' lang='lat' dir='ltr'><strong>III.</strong></span> <span class='ocrx_word' id='word_1_145' title='bbox 1548 1620 1604 1692; x_wconf 88' lang='lat' dir='ltr'><strong>vel</strong></span> <span class='ocrx_word' id='word_1_146' title='bbox 1643 1620 1707 1692; x_wconf 84' lang='lat' dir='ltr'><strong>1v.</strong></span> <span class='ocrx_word' id='word_1_147' title='bbox 1735 1617 1866 1692; x_wconf 90' lang='lat' dir='ltr'><strong>summi</strong></span> 
     </span>
     <span class='ocr_line' id='line_1_30' title="bbox 1108 1717 1869 1809; baseline 0 -19"><span class='ocrx_word' id='word_1_148' title='bbox 1108 1717 1314 1801; x_wconf 87' lang='lat' dir='ltr'><strong>Pontificis,</strong></span> <span class='ocrx_word' id='word_1_149' title='bbox 1341 1745 1427 1809; x_wconf 87' lang='lat' dir='ltr'><strong>quas</strong></span> <span class='ocrx_word' id='word_1_150' title='bbox 1448 1747 1467 1792; x_wconf 94' lang='lat' dir='ltr'><strong>e</strong></span> <span class='ocrx_word' id='word_1_151' title='bbox 1488 1720 1623 1794; x_wconf 85' lang='lat' dir='ltr'><strong>Codice</strong></span> <span class='ocrx_word' id='word_1_152' title='bbox 1642 1720 1749 1793; x_wconf 83' lang='lat' dir='ltr'><strong>Msro</strong></span> <span class='ocrx_word' id='word_1_153' title='bbox 1766 1718 1869 1794; x_wconf 89' lang='lat' dir='ltr'><strong>Ceri-</strong></span> 
     </span>
     <span class='ocr_line' id='line_1_31' title="bbox 1107 1816 1592 1920; baseline 0.004 -29"><span class='ocrx_word' id='word_1_154' title='bbox 1107 1816 1155 1893; x_wconf 90' lang='lat' dir='ltr'><strong>cii</strong></span> <span class='ocrx_word' id='word_1_155' title='bbox 1183 1818 1380 1895; x_wconf 89' lang='lat' dir='ltr'><strong>Camerarii</strong></span> <span class='ocrx_word' id='word_1_156' title='bbox 1406 1818 1592 1920; x_wconf 87' lang='lat' dir='ltr'><strong>descripli.</strong></span> 
     </span>
    </p>
   </div>
   <div class='ocr_carea' id='block_1_7' title="bbox 324 2063 1780 2304">
    <p class='ocr_par' dir='ltr' id='par_1_7' title="bbox 324 2063 1780 2304">
     <span class='ocr_line' id='line_1_32' title="bbox 324 2063 1780 2191; baseline -0.003 -31"><span class='ocrx_word' id='word_1_157' title='bbox 324 2070 484 2163; x_wconf 88' lang='lat' dir='ltr'><strong>Literae</strong></span> <span class='ocrx_word' id='word_1_158' title='bbox 514 2076 711 2191; x_wconf 78' lang='lat' dir='ltr'><strong>cujusdam</strong></span> <span class='ocrx_word' id='word_1_159' title='bbox 744 2066 994 2162; x_wconf 82' lang='lat' dir='ltr'><strong>inhibitionis</strong></span> <span class='ocrx_word' id='word_1_160' title='bbox 1026 2065 1245 2156; x_wconf 83' lang='lat' dir='ltr'><strong>Alexandri</strong></span> <span class='ocrx_word' id='word_1_161' title='bbox 1283 2075 1408 2186; x_wconf 83' lang='lat' dir='ltr'><strong>Papae</strong></span> <span class='ocrx_word' id='word_1_162' title='bbox 1438 2067 1550 2185; x_wconf 87' lang='lat'><strong>(111.</strong></span> <span class='ocrx_word' id='word_1_163' title='bbox 1583 2063 1648 2156; x_wconf 84' lang='lat' dir='ltr'><strong>uel</strong></span> <span class='ocrx_word' id='word_1_164' title='bbox 1677 2064 1780 2189; x_wconf 74' lang='lat' dir='ltr'><strong>IV.)</strong></span> 
     </span>
     <span class='ocr_line' id='line_1_33' title="bbox 394 2185 1643 2304; baseline -0.011 -20"><span class='ocrx_word' id='word_1_165' title='bbox 394 2197 397 2203; x_wconf 74' lang='grc'><strong>’</strong></span> <span class='ocrx_word' id='word_1_166' title='bbox 630 2197 680 2282; x_wconf 84' lang='lat' dir='ltr'><strong>ad</strong></span> <span class='ocrx_word' id='word_1_167' title='bbox 710 2195 876 2282; x_wconf 78' lang='lat' dir='ltr'><strong>Clarum</strong></span> <span class='ocrx_word' id='word_1_168' title='bbox 908 2191 947 2274; x_wconf 79' lang='lat' dir='ltr'><strong>ba</strong></span> <span class='ocrx_word' id='word_1_169' title='bbox 978 2185 1171 2304; x_wconf 87' lang='lat' dir='ltr'><strong>Populum</strong></span> <span class='ocrx_word' id='word_1_170' title='bbox 1202 2189 1473 2277; x_wconf 86' lang='lat' dir='ltr'><strong>Verulanum.</strong></span> <span class='ocrx_word' id='word_1_171' title='bbox 1599 2261 1610 2270; x_wconf 93' lang='lat'><strong>.</strong></span> <span class='ocrx_word' id='word_1_172' title='bbox 1641 2240 1643 2243; x_wconf 93' lang='lat'>-</span> 
     </span>
    </p>
   </div>
   <div class='ocr_carea' id='block_1_8' title="bbox 337 2420 2023 2529">
    <p class='ocr_par' dir='ltr' id='par_1_8' title="bbox 337 2420 2023 2529">
     <span class='ocr_line' id='line_1_34' title="bbox 337 2420 2023 2529; baseline -0.003 -29"><span class='ocrx_word' id='word_1_173' title='bbox 337 2434 503 2503; x_wconf 65' lang='lat' dir='ltr'><strong>neander</strong></span> <span class='ocrx_word' id='word_1_174' title='bbox 527 2431 721 2529; x_wconf 74' lang='lat' dir='ltr'><strong>Episcopus,</strong></span> <span class='ocrx_word' id='word_1_175' title='bbox 750 2431 864 2523; x_wconf 79' lang='lat' dir='ltr'><strong>seruus</strong></span> <span class='ocrx_word' id='word_1_176' title='bbox 883 2430 994 2523; x_wconf 84' lang='lat' dir='ltr'><strong>serve-</strong></span> <span class='ocrx_word' id='word_1_177' title='bbox 1035 2423 1068 2496; x_wconf 87' lang='lat' dir='ltr'><strong>C</strong></span> <span class='ocrx_word' id='word_1_178' title='bbox 1105 2425 1162 2493; x_wconf 82' lang='lat' dir='ltr'><strong>uei</strong></span> <span class='ocrx_word' id='word_1_179' title='bbox 1199 2423 1418 2521; x_wconf 79' lang='lat' dir='ltr'><strong>prohibitionis</strong></span> <span class='ocrx_word' id='word_1_180' title='bbox 1452 2423 1572 2510; x_wconf 81' lang='lat' dir='ltr'><strong>nrslrae</strong></span> <span class='ocrx_word' id='word_1_181' title='bbox 1612 2422 1646 2493; x_wconf 83' lang='lat' dir='ltr'><strong>iit</strong></span> <span class='ocrx_word' id='word_1_182' title='bbox 1681 2420 1740 2493; x_wconf 86' lang='lat' dir='ltr'><strong>bac</strong></span> <span class='ocrx_word' id='word_1_183' title='bbox 1777 2443 1869 2518; x_wconf 79' lang='lat' dir='ltr'><strong>parte</strong></span> <span class='ocrx_word' id='word_1_184' title='bbox 2021 2457 2023 2467; x_wconf 58' lang='lat'><strong><em>⁴</em></strong></span> 
     </span>
    </p>
   </div>
   <div class='ocr_carea' id='block_1_9' title="bbox 229 2531 993 2726">
    <p class='ocr_par' dir='ltr' id='par_1_9' title="bbox 229 2531 993 2726">
     <span class='ocr_line' id='line_1_35' title="bbox 363 2531 993 2622; baseline 0.008 -25"><span class='ocrx_word' id='word_1_185' title='bbox 363 2557 431 2599; x_wconf 88' lang='lat' dir='ltr'><strong>runt</strong></span> <span class='ocrx_word' id='word_1_186' title='bbox 458 2533 543 2616; x_wconf 84' lang='lat' dir='ltr'><strong>Dei,</strong></span> <span class='ocrx_word' id='word_1_187' title='bbox 578 2533 705 2603; x_wconf 74' lang='lat' dir='ltr'><strong>diiebiis</strong></span> <span class='ocrx_word' id='word_1_188' title='bbox 732 2531 821 2622; x_wconf 83' lang='lat' dir='ltr'><strong>filiis</strong></span> <span class='ocrx_word' id='word_1_189' title='bbox 846 2533 993 2618; x_wconf 72' lang='lat' dir='ltr'><strong>universo</strong></span> 
     </span>
     <span class='ocr_line' id='line_1_36' title="bbox 229 2631 992 2726; baseline 0 -24"><span class='ocrx_word' id='word_1_190' title='bbox 229 2632 323 2702; x_wconf 78' lang='lat' dir='ltr'><strong>clero</strong></span> <span class='ocrx_word' id='word_1_191' title='bbox 358 2631 402 2699; x_wconf 62' lang='grc' dir='ltr'><em>θ</em></span> <span class='ocrx_word' id='word_1_192' title='bbox 435 2634 557 2726; x_wconf 84' lang='lat' dir='ltr'><strong>Populo</strong></span> <span class='ocrx_word' id='word_1_193' title='bbox 591 2634 747 2703; x_wconf 85' lang='lat' dir='ltr'><strong>Verulano</strong></span> <span class='ocrx_word' id='word_1_194' title='bbox 775 2633 912 2722; x_wconf 81' lang='lat' dir='ltr'><strong>salutern</strong></span> <span class='ocrx_word' id='word_1_195' title='bbox 948 2633 992 2702; x_wconf 70' lang='grc' dir='ltr'><strong>Θ·</strong></span> 
     </span>
    </p>
   </div>
   <div class='ocr_carea' id='block_1_10' title="bbox 94 2728 993 2830">
    <p class='ocr_par' dir='ltr' id='par_1_10' title="bbox 94 2728 993 2830">
     <span class='ocr_line' id='line_1_37' title="bbox 94 2728 993 2830; baseline 0.004 -31"><span class='ocrx_word' id='word_1_196' title='bbox 94 2795 96 2799; x_wconf 89' lang='grc'>.</span> <span class='ocrx_word' id='word_1_197' title='bbox 230 2728 445 2820; x_wconf 70' lang='lat' dir='ltr'><strong>Aprlidicanr</strong></span> <span class='ocrx_word' id='word_1_198' title='bbox 471 2730 734 2807; x_wconf 73' lang='lat' dir='ltr'><strong>benediiiionenr.</strong></span> <span class='ocrx_word' id='word_1_199' title='bbox 760 2740 870 2830; x_wconf 74' lang='lat' dir='ltr'><strong>,Quum</strong></span> <span class='ocrx_word' id='word_1_200' title='bbox 892 2740 993 2803; x_wconf 85' lang='lat' dir='ltr'><strong>Terra</strong></span> 
     </span>
    </p>
   </div>
   <div class='ocr_carea' id='block_1_11' title="bbox 223 2829 993 3232">
    <p class='ocr_par' dir='ltr' id='par_1_11' title="bbox 223 2829 993 3232">
     <span class='ocr_line' id='line_1_38' title="bbox 229 2829 991 2922; baseline 0 -21"><span class='ocrx_word' id='word_1_201' title='bbox 229 2829 337 2916; x_wconf 75' lang='lat' dir='ltr'><strong>velita</strong></span> <span class='ocrx_word' id='word_1_202' title='bbox 355 2829 536 2919; x_wconf 84' lang='lat' dir='ltr'><strong>specialiter</strong></span> <span class='ocrx_word' id='word_1_203' title='bbox 561 2834 646 2906; x_wconf 80' lang='lat' dir='ltr'><strong>beati</strong></span> <span class='ocrx_word' id='word_1_204' title='bbox 670 2841 788 2917; x_wconf 84' lang='lat' dir='ltr'><strong>Petri,</strong></span> <span class='ocrx_word' id='word_1_205' title='bbox 823 2831 871 2913; x_wconf 67' lang='grc' dir='ltr'><strong>(φ</strong></span> <span class='ocrx_word' id='word_1_206' title='bbox 897 2833 991 2922; x_wconf 73' lang='lat' dir='ltr'><strong>nossri</strong></span> 
     </span>
     <span class='ocr_line' id='line_1_39' title="bbox 223 2927 993 3029; baseline 0.012 -29"><span class='ocrx_word' id='word_1_207' title='bbox 223 2927 314 3028; x_wconf 73' lang='lat' dir='ltr'><strong>juris</strong></span> <span class='ocrx_word' id='word_1_208' title='bbox 339 2929 474 3022; x_wconf 78' lang='lat' dir='ltr'><strong>eur&#39;liar,</strong></span> <span class='ocrx_word' id='word_1_209' title='bbox 496 2934 647 3029; x_wconf 87' lang='lat' dir='ltr'><strong>grauiter</strong></span> <span class='ocrx_word' id='word_1_210' title='bbox 671 2933 714 3021; x_wconf 73' lang='lat' dir='ltr'><strong>cll</strong></span> <span class='ocrx_word' id='word_1_211' title='bbox 738 2937 939 3027; x_wconf 81' lang='lat' dir='ltr'><strong>puniendus,</strong></span> <span class='ocrx_word' id='word_1_212' title='bbox 961 2933 993 3019; x_wconf 81' lang='lat' dir='ltr'><strong>li</strong></span> 
     </span>
     <span class='ocr_line' id='line_1_40' title="bbox 230 3031 992 3134; baseline 0.012 -33"><span class='ocrx_word' id='word_1_213' title='bbox 230 3033 303 3131; x_wconf 81' lang='lat' dir='ltr'><strong>quis</strong></span> <span class='ocrx_word' id='word_1_214' title='bbox 327 3031 464 3119; x_wconf 73' lang='lat' dir='ltr'><strong>trelirrim</strong></span> <span class='ocrx_word' id='word_1_215' title='bbox 499 3037 632 3108; x_wconf 74' lang='lat' dir='ltr'><strong>aliunde</strong></span> <span class='ocrx_word' id='word_1_216' title='bbox 665 3040 761 3134; x_wconf 70' lang='lat' dir='ltr'><strong>quint</strong></span> <span class='ocrx_word' id='word_1_217' title='bbox 785 3041 828 3112; x_wconf 87' lang='lat' dir='ltr'><strong>ab</strong></span> <span class='ocrx_word' id='word_1_218' title='bbox 852 3036 992 3121; x_wconf 79' lang='lat' dir='ltr'><strong>Ecclesia</strong></span> 
     </span>
     <span class='ocr_line' id='line_1_41' title="bbox 229 3136 992 3232; baseline 0.003 -24"><span class='ocrx_word' id='word_1_219' title='bbox 229 3140 381 3208; x_wconf 82' lang='lat' dir='ltr'><strong>Romana</strong></span> <span class='ocrx_word' id='word_1_220' title='bbox 415 3136 548 3232; x_wconf 81' lang='lat' dir='ltr'><strong>requirit</strong></span> <span class='ocrx_word' id='word_1_221' title='bbox 580 3140 792 3232; x_wconf 81' lang='lat' dir='ltr'><strong>patrocinium</strong></span> <span class='ocrx_word' id='word_1_222' title='bbox 818 3141 874 3212; x_wconf 85' lang='lat' dir='ltr'><strong>arel</strong></span> <span class='ocrx_word' id='word_1_223' title='bbox 907 3160 992 3212; x_wconf 89' lang='lat' dir='ltr'><strong>tute·</strong></span> 
     </span>
    </p>
   </div>
   <div class='ocr_carea' id='block_1_12' title="bbox 73 3233 993 3335">
    <p class='ocr_par' dir='ltr' id='par_1_12' title="bbox 73 3233 993 3335">
     <span class='ocr_line' id='line_1_42' title="bbox 73 3233 993 3335; baseline 0.01 -30"><span class='ocrx_word' id='word_1_224' title='bbox 73 3310 77 3315; x_wconf 68' lang='lat'><strong>,</strong></span> <span class='ocrx_word' id='word_1_225' title='bbox 229 3233 318 3310; x_wconf 72' lang='lat' dir='ltr'><strong>ran.</strong></span> <span class='ocrx_word' id='word_1_226' title='bbox 345 3237 512 3324; x_wconf 72' lang='lat' dir='ltr'><strong>indensi,</strong></span> <span class='ocrx_word' id='word_1_227' title='bbox 538 3241 621 3335; x_wconf 77' lang='lat' dir='ltr'><strong>qued</strong></span> <span class='ocrx_word' id='word_1_228' title='bbox 645 3240 857 3325; x_wconf 83' lang='lat' dir='ltr'><strong>Univerlitati</strong></span> <span class='ocrx_word' id='word_1_229' title='bbox 872 3241 993 3329; x_wconf 78' lang='lat' dir='ltr'><strong>uelirar</strong></span> 
     </span>
    </p>
   </div>
   <div class='ocr_carea' id='block_1_13' title="bbox 1100 2504 1871 2623">
    <p class='ocr_par' dir='ltr' id='par_1_13' title="bbox 1100 2504 1871 2623">
     <span class='ocr_line' id='line_1_43' title="bbox 1100 2504 1871 2623; baseline -0.005 -25"><span class='ocrx_word' id='word_1_230' title='bbox 1100 2527 1225 2620; x_wconf 62' lang='lat' dir='ltr'><strong>faedat</strong></span> <span class='ocrx_word' id='word_1_231' title='bbox 1248 2519 1499 2623; x_wconf 73' lang='lat' dir='ltr'><strong>transgreffores,</strong></span> <span class='ocrx_word' id='word_1_232' title='bbox 1527 2521 1653 2620; x_wconf 80' lang='lat' dir='ltr'><strong>singuli</strong></span> <span class='ocrx_word' id='word_1_233' title='bbox 1686 2525 1790 2595; x_wconf 82' lang='lat' dir='ltr'><strong>banna</strong></span> <span class='ocrx_word' id='word_1_234' title='bbox 1812 2504 1871 2595; x_wconf 78' lang='lat' dir='ltr'><strong>de·</strong></span> 
     </span>
    </p>
   </div>
   <div class='ocr_carea' id='block_1_14' title="bbox 1105 2620 1865 3314">
    <p class='ocr_par' dir='ltr' id='par_1_14' title="bbox 1105 2620 1865 3314">
     <span class='ocr_line' id='line_1_44' title="bbox 1106 2620 1848 2717; baseline -0.007 -15"><span class='ocrx_word' id='word_1_235' title='bbox 1106 2658 1168 2702; x_wconf 87' lang='lat' dir='ltr'><strong>cern</strong></span> <span class='ocrx_word' id='word_1_236' title='bbox 1195 2631 1364 2701; x_wconf 81' lang='lat' dir='ltr'><strong>Librarum</strong></span> <span class='ocrx_word' id='word_1_237' title='bbox 1384 2629 1420 2717; x_wconf 78' lang='lat' dir='ltr'><strong>Je</strong></span> <span class='ocrx_word' id='word_1_238' title='bbox 1445 2624 1594 2698; x_wconf 81' lang='lat' dir='ltr'><strong>neverint</strong></span> <span class='ocrx_word' id='word_1_239' title='bbox 1619 2620 1796 2714; x_wconf 73' lang='lat' dir='ltr'><strong>lubjacere.</strong></span> <span class='ocrx_word' id='word_1_240' title='bbox 1845 2692 1848 2697; x_wconf 83' lang='lat'><strong>.</strong></span> 
     </span>
     <span class='ocr_line' id='line_1_45' title="bbox 1159 2724 1863 2819; baseline -0.017 -14"><span class='ocrx_word' id='word_1_241' title='bbox 1159 2736 1281 2805; x_wconf 83' lang='lat' dir='ltr'><strong>Datum</strong></span> <span class='ocrx_word' id='word_1_242' title='bbox 1315 2726 1490 2819; x_wconf 72' lang='lat' dir='ltr'><strong>Tusculani</strong></span> <span class='ocrx_word' id='word_1_243' title='bbox 1523 2731 1560 2800; x_wconf 80' lang='lat' dir='ltr'><strong>V.</strong></span> <span class='ocrx_word' id='word_1_244' title='bbox 1592 2724 1761 2799; x_wconf 74' lang='lat' dir='ltr'><strong>Kalendas</strong></span> <span class='ocrx_word' id='word_1_245' title='bbox 1796 2727 1863 2796; x_wconf 84' lang='lat' dir='ltr'><strong>Dr·</strong></span> 
     </span>
     <span class='ocr_line' id='line_1_46' title="bbox 1258 2830 1807 2903; baseline -0.015 0"><span class='ocrx_word' id='word_1_246' title='bbox 1258 2830 1409 2903; x_wconf 83' lang='lat' dir='ltr'><strong>cembris.</strong></span> <span class='ocrx_word' id='word_1_247' title='bbox 1664 2834 1668 2842; x_wconf 79' lang='grc'><strong>’</strong></span> <span class='ocrx_word' id='word_1_248' title='bbox 1698 2882 1701 2887; x_wconf 77' lang='grc'><strong>-</strong></span> <span class='ocrx_word' id='word_1_249' title='bbox 1804 2890 1807 2895; x_wconf 91' lang='grc'>.</span> 
     </span>
     <span class='ocr_line' id='line_1_47' title="bbox 1159 2921 1860 3029; baseline -0.01 -23"><span class='ocrx_word' id='word_1_250' title='bbox 1159 2931 1324 3017; x_wconf 81' lang='lat' dir='ltr'><strong>Bobicnsts</strong></span> <span class='ocrx_word' id='word_1_251' title='bbox 1349 2956 1490 3029; x_wconf 90' lang='lat' dir='ltr'><strong>quoque</strong></span> <span class='ocrx_word' id='word_1_252' title='bbox 1505 2923 1685 3008; x_wconf 72' lang='lat' dir='ltr'><strong>civitas,</strong></span> <span class='ocrx_word' id='word_1_253' title='bbox 1713 2924 1748 2998; x_wconf 79' lang='grc' dir='ltr'><strong>δι</strong></span> <span class='ocrx_word' id='word_1_254' title='bbox 1772 2921 1860 3023; x_wconf 78' lang='lat' dir='ltr'><strong>Epi-</strong></span> 
     </span>
     <span class='ocr_line' id='line_1_48' title="bbox 1107 3025 1865 3132; baseline -0.009 -25"><span class='ocrx_word' id='word_1_255' title='bbox 1107 3031 1249 3132; x_wconf 86' lang='lat' dir='ltr'><strong>scopatu</strong></span> <span class='ocrx_word' id='word_1_256' title='bbox 1288 3031 1430 3131; x_wconf 89' lang='lat' dir='ltr'><strong>quidem</strong></span> <span class='ocrx_word' id='word_1_257' title='bbox 1467 3049 1617 3110; x_wconf 81' lang='lat' dir='ltr'><strong>ornata,</strong></span> <span class='ocrx_word' id='word_1_258' title='bbox 1651 3026 1743 3110; x_wconf 83' lang='lat' dir='ltr'><strong>olim</strong></span> <span class='ocrx_word' id='word_1_259' title='bbox 1779 3025 1865 3101; x_wconf 91' lang='lat' dir='ltr'><strong>illn-</strong></span> 
     </span>
     <span class='ocr_line' id='line_1_49' title="bbox 1105 3127 1864 3228; baseline -0.011 -20"><span class='ocrx_word' id='word_1_260' title='bbox 1105 3135 1179 3210; x_wconf 89' lang='lat' dir='ltr'><strong>llris</strong></span> <span class='ocrx_word' id='word_1_261' title='bbox 1205 3133 1297 3226; x_wconf 88' lang='lat' dir='ltr'><strong>luit,</strong></span> <span class='ocrx_word' id='word_1_262' title='bbox 1325 3160 1395 3208; x_wconf 91' lang='lat' dir='ltr'><strong>non</strong></span> <span class='ocrx_word' id='word_1_263' title='bbox 1422 3135 1514 3216; x_wconf 90' lang='lat' dir='ltr'><strong>illa,</strong></span> <span class='ocrx_word' id='word_1_264' title='bbox 1548 3155 1637 3228; x_wconf 89' lang='lat' dir='ltr'><strong>quae</strong></span> <span class='ocrx_word' id='word_1_265' title='bbox 1669 3127 1768 3203; x_wconf 88' lang='lat' dir='ltr'><strong>int&#39;er</strong></span> <span class='ocrx_word' id='word_1_266' title='bbox 1790 3131 1864 3202; x_wconf 89' lang='lat' dir='ltr'><strong>Ge·</strong></span> 
     </span>
     <span class='ocr_line' id='line_1_50' title="bbox 1106 3225 1863 3314; baseline -0.011 -5"><span class='ocrx_word' id='word_1_267' title='bbox 1106 3261 1210 3311; x_wconf 88' lang='lat' dir='ltr'><strong>nuam</strong></span> <span class='ocrx_word' id='word_1_268' title='bbox 1236 3238 1272 3309; x_wconf 77' lang='grc' dir='ltr'><strong>δι</strong></span> <span class='ocrx_word' id='word_1_269' title='bbox 1301 3235 1519 3311; x_wconf 86' lang='lat' dir='ltr'><strong>Placentiam</strong></span> <span class='ocrx_word' id='word_1_270' title='bbox 1555 3231 1644 3314; x_wconf 83' lang='lat' dir='ltr'><strong>lita,</strong></span> <span class='ocrx_word' id='word_1_271' title='bbox 1680 3255 1702 3304; x_wconf 88' lang='lat' dir='ltr'><strong>a</strong></span> <span class='ocrx_word' id='word_1_272' title='bbox 1735 3225 1863 3303; x_wconf 75' lang='lat' dir='ltr'><strong>Saniio</strong></span> 
     </span>
    </p>
   </div>
   <div class='ocr_carea' id='block_1_15' title="bbox 225 3328 1865 3436">
    <p class='ocr_par' dir='ltr' id='par_1_15' title="bbox 225 3328 1865 3436">
     <span class='ocr_line' id='line_1_51' title="bbox 225 3328 1865 3436; baseline -0.004 -26"><span class='ocrx_word' id='word_1_273' title='bbox 225 3355 286 3427; x_wconf 73' lang='lat' dir='ltr'><strong>prr</strong></span> <span class='ocrx_word' id='word_1_274' title='bbox 310 3337 494 3431; x_wconf 59' lang='lat' dir='ltr'><strong>apostolica</strong></span> <span class='ocrx_word' id='word_1_275' title='bbox 518 3342 637 3434; x_wconf 78' lang='lat' dir='ltr'><strong>[cripta</strong></span> <span class='ocrx_word' id='word_1_276' title='bbox 658 3342 878 3436; x_wconf 79' lang='lat' dir='ltr'><strong>praecipiende</strong></span> <span class='ocrx_word' id='word_1_277' title='bbox 901 3370 993 3414; x_wconf 87' lang='lat' dir='ltr'><strong>nran-</strong></span> <span class='ocrx_word' id='word_1_278' title='bbox 1033 3328 1068 3397; x_wconf 81' lang='lat' dir='ltr'>D</span> <span class='ocrx_word' id='word_1_279' title='bbox 1104 3339 1330 3413; x_wconf 87' lang='lat' dir='ltr'><strong>Columbano</strong></span> <span class='ocrx_word' id='word_1_280' title='bbox 1365 3336 1606 3412; x_wconf 78' lang='lat' dir='ltr'><strong>celebritatem</strong></span> <span class='ocrx_word' id='word_1_281' title='bbox 1641 3329 1800 3406; x_wconf 83' lang='lat' dir='ltr'><strong>nominis</strong></span> <span class='ocrx_word' id='word_1_282' title='bbox 1822 3335 1865 3404; x_wconf 73' lang='lat' dir='ltr'><strong>&#39;a-</strong></span> 
     </span>
    </p>
   </div>
   <div class='ocr_carea' id='block_1_16' title="bbox 205 3439 995 4740">
    <p class='ocr_par' dir='ltr' id='par_1_16' title="bbox 205 3439 995 4740">
     <span class='ocr_line' id='line_1_52' title="bbox 229 3439 993 3537; baseline 0.007 -29"><span class='ocrx_word' id='word_1_283' title='bbox 229 3439 365 3517; x_wconf 54' lang='lat' dir='ltr'><strong>damum</strong></span> <span class='ocrx_word' id='word_1_284' title='bbox 400 3443 485 3531; x_wconf 83' lang='lat' dir='ltr'><strong>qued</strong></span> <span class='ocrx_word' id='word_1_285' title='bbox 508 3441 618 3508; x_wconf 86' lang='lat' dir='ltr'><strong>nullus</strong></span> <span class='ocrx_word' id='word_1_286' title='bbox 641 3441 781 3525; x_wconf 67' lang='lat' dir='ltr'><strong>velirbrn</strong></span> <span class='ocrx_word' id='word_1_287' title='bbox 806 3440 848 3513; x_wconf 87' lang='lat' dir='ltr'><strong>ab</strong></span> <span class='ocrx_word' id='word_1_288' title='bbox 872 3442 993 3537; x_wconf 83' lang='lat' dir='ltr'><strong>aliqui·</strong></span> 
     </span>
     <span class='ocr_line' id='line_1_53' title="bbox 229 3533 995 3631; baseline 0.007 -23"><span class='ocrx_word' id='word_1_289' title='bbox 229 3533 291 3608; x_wconf 81' lang='lat' dir='ltr'><strong>but</strong></span> <span class='ocrx_word' id='word_1_290' title='bbox 324 3554 414 3606; x_wconf 77' lang='lat' dir='ltr'><strong>entra</strong></span> <span class='ocrx_word' id='word_1_291' title='bbox 450 3538 612 3617; x_wconf 79' lang='lat' dir='ltr'><strong>Verulae,</strong></span> <span class='ocrx_word' id='word_1_292' title='bbox 650 3543 747 3631; x_wconf 81' lang='lat' dir='ltr'><strong>quaint</strong></span> <span class='ocrx_word' id='word_1_293' title='bbox 781 3543 823 3612; x_wconf 89' lang='lat' dir='ltr'><strong>ab</strong></span> <span class='ocrx_word' id='word_1_294' title='bbox 855 3540 995 3624; x_wconf 79' lang='lat' dir='ltr'><strong>Ecciesta</strong></span> 
     </span>
     <span class='ocr_line' id='line_1_54' title="bbox 228 3633 994 3734; baseline 0.012 -31"><span class='ocrx_word' id='word_1_295' title='bbox 228 3640 380 3711; x_wconf 80' lang='lat' dir='ltr'><strong>Romana</strong></span> <span class='ocrx_word' id='word_1_296' title='bbox 394 3633 605 3730; x_wconf 79' lang='lat' dir='ltr'><strong>patrocinium</strong></span> <span class='ocrx_word' id='word_1_297' title='bbox 618 3639 674 3707; x_wconf 82' lang='lat' dir='ltr'><strong>vei</strong></span> <span class='ocrx_word' id='word_1_298' title='bbox 686 3638 890 3728; x_wconf 66' lang='lat' dir='ltr'><strong>defenderem</strong></span> <span class='ocrx_word' id='word_1_299' title='bbox 901 3661 994 3734; x_wconf 88' lang='lat' dir='ltr'><strong>prae-</strong></span> 
     </span>
     <span class='ocr_line' id='line_1_55' title="bbox 221 3735 995 3838; baseline 0.012 -35"><span class='ocrx_word' id='word_1_300' title='bbox 221 3735 334 3832; x_wconf 70' lang='lat' dir='ltr'><strong>[urnae</strong></span> <span class='ocrx_word' id='word_1_301' title='bbox 371 3735 567 3830; x_wconf 84' lang='lat' dir='ltr'><strong>requirere;</strong></span> <span class='ocrx_word' id='word_1_302' title='bbox 606 3764 660 3810; x_wconf 89' lang='lat' dir='ltr'><strong>nec</strong></span> <span class='ocrx_word' id='word_1_303' title='bbox 698 3739 819 3838; x_wconf 79' lang='lat' dir='ltr'><strong>aliquis</strong></span> <span class='ocrx_word' id='word_1_304' title='bbox 855 3740 995 3829; x_wconf 64' lang='lat' dir='ltr'><strong>neuram</strong></span> 
     </span>
     <span class='ocr_line' id='line_1_56' title="bbox 224 3831 993 3940; baseline 0.012 -34"><span class='ocrx_word' id='word_1_305' title='bbox 224 3831 417 3932; x_wconf 72' lang='lat' dir='ltr'><strong>peffeffi&#39;rner</strong></span> <span class='ocrx_word' id='word_1_306' title='bbox 443 3838 500 3907; x_wconf 83' lang='lat' dir='ltr'><strong>vei</strong></span> <span class='ocrx_word' id='word_1_307' title='bbox 524 3838 667 3934; x_wconf 72' lang='lat' dir='ltr'><strong>silvas,</strong></span> <span class='ocrx_word' id='word_1_308' title='bbox 701 3867 782 3940; x_wconf 82' lang='lat' dir='ltr'><strong>quae</strong></span> <span class='ocrx_word' id='word_1_309' title='bbox 807 3842 842 3915; x_wconf 91' lang='lat' dir='ltr'><strong>in</strong></span> <span class='ocrx_word' id='word_1_310' title='bbox 867 3842 993 3915; x_wconf 86' lang='lat' dir='ltr'><strong>territa-</strong></span> 
     </span>
     <span class='ocr_line' id='line_1_57' title="bbox 227 3933 992 4038; baseline 0.013 -29"><span class='ocrx_word' id='word_1_311' title='bbox 227 3933 278 4009; x_wconf 87' lang='lat' dir='ltr'><strong>rio</strong></span> <span class='ocrx_word' id='word_1_312' title='bbox 315 3935 436 4023; x_wconf 78' lang='lat' dir='ltr'><strong>velitne</strong></span> <span class='ocrx_word' id='word_1_313' title='bbox 473 3941 633 4014; x_wconf 81' lang='lat' dir='ltr'><strong>Civitatis</strong></span> <span class='ocrx_word' id='word_1_314' title='bbox 667 3944 867 4038; x_wconf 74' lang='lat' dir='ltr'><strong>confilium,</strong></span> <span class='ocrx_word' id='word_1_315' title='bbox 905 3945 968 4018; x_wconf 85' lang='lat' dir='ltr'><strong>aiii</strong></span> <span class='ocrx_word' id='word_1_316' title='bbox 980 3997 992 4030; x_wconf 89' lang='lat'><strong>,</strong></span> 
     </span>
     <span class='ocr_line' id='line_1_58' title="bbox 226 4038 993 4140; baseline 0.021 -35"><span class='ocrx_word' id='word_1_317' title='bbox 226 4041 325 4138; x_wconf 56' lang='lat' dir='ltr'><strong>quant</strong></span> <span class='ocrx_word' id='word_1_318' title='bbox 350 4038 533 4110; x_wconf 77' lang='lat' dir='ltr'><strong>concivibus</strong></span> <span class='ocrx_word' id='word_1_319' title='bbox 551 4042 624 4134; x_wconf 73' lang='lat' dir='ltr'><strong>suis</strong></span> <span class='ocrx_word' id='word_1_320' title='bbox 636 4093 649 4127; x_wconf 86' lang='lat'><strong>,</strong></span> <span class='ocrx_word' id='word_1_321' title='bbox 674 4050 831 4140; x_wconf 70' lang='lat' dir='ltr'><strong>undere,</strong></span> <span class='ocrx_word' id='word_1_322' title='bbox 856 4051 993 4131; x_wconf 79' lang='lat' dir='ltr'><strong>donare,</strong></span> 
     </span>
     <span class='ocr_line' id='line_1_59' title="bbox 227 4139 995 4241; baseline 0.016 -33"><span class='ocrx_word' id='word_1_323' title='bbox 227 4142 285 4214; x_wconf 81' lang='lat' dir='ltr'><strong>vel</strong></span> <span class='ocrx_word' id='word_1_324' title='bbox 308 4140 437 4238; x_wconf 80' lang='lat' dir='ltr'><strong>pignori</strong></span> <span class='ocrx_word' id='word_1_325' title='bbox 460 4139 605 4238; x_wconf 72' lang='lat' dir='ltr'><strong>obligare</strong></span> <span class='ocrx_word' id='word_1_326' title='bbox 625 4146 828 4240; x_wconf 62' lang='lat' dir='ltr'><strong>praesumat.</strong></span> <span class='ocrx_word' id='word_1_327' title='bbox 863 4152 995 4241; x_wconf 77' lang='lat' dir='ltr'><strong>insuper</strong></span> 
     </span>
     <span class='ocr_line' id='line_1_60' title="bbox 231 4243 995 4342; baseline 0.005 -25"><span class='ocrx_word' id='word_1_328' title='bbox 231 4245 329 4318; x_wconf 76' lang='lat' dir='ltr'><strong>uiant</strong></span> <span class='ocrx_word' id='word_1_329' title='bbox 353 4244 446 4316; x_wconf 78' lang='lat' dir='ltr'><strong>vobis</strong></span> <span class='ocrx_word' id='word_1_330' title='bbox 471 4243 613 4316; x_wconf 80' lang='lat' dir='ltr'><strong>amnibus</strong></span> <span class='ocrx_word' id='word_1_331' title='bbox 638 4244 832 4330; x_wconf 76' lang='lat' dir='ltr'><strong>inhibentur,</strong></span> <span class='ocrx_word' id='word_1_332' title='bbox 858 4278 898 4321; x_wconf 85' lang='lat' dir='ltr'><strong>ne</strong></span> <span class='ocrx_word' id='word_1_333' title='bbox 922 4252 995 4342; x_wconf 80' lang='lat' dir='ltr'><strong>quit</strong></span> 
     </span>
     <span class='ocr_line' id='line_1_61' title="bbox 205 4347 994 4444; baseline 0.006 -28"><span class='ocrx_word' id='word_1_334' title='bbox 205 4426 209 4433; x_wconf 47' lang='grc'><strong>,</strong></span> <span class='ocrx_word' id='word_1_335' title='bbox 233 4348 373 4433; x_wconf 66' lang='lat' dir='ltr'><strong>uelitum</strong></span> <span class='ocrx_word' id='word_1_336' title='bbox 399 4347 529 4419; x_wconf 86' lang='lat' dir='ltr'><strong>Bittani</strong></span> <span class='ocrx_word' id='word_1_337' title='bbox 552 4354 709 4444; x_wconf 75' lang='lat' dir='ltr'><strong>quondm</strong></span> <span class='ocrx_word' id='word_1_338' title='bbox 733 4349 857 4421; x_wconf 75' lang='lat' dir='ltr'><strong>wneivi</strong></span> <span class='ocrx_word' id='word_1_339' title='bbox 871 4350 994 4437; x_wconf 78' lang='lat' dir='ltr'><strong>vestro,</strong></span> 
     </span>
     <span class='ocr_line' id='line_1_62' title="bbox 231 4446 992 4543; baseline 0.014 -28"><span class='ocrx_word' id='word_1_340' title='bbox 231 4446 288 4540; x_wconf 77' lang='lat' dir='ltr'><strong>qui</strong></span> <span class='ocrx_word' id='word_1_341' title='bbox 312 4446 443 4543; x_wconf 71' lang='lat' dir='ltr'><strong>cgreffut</strong></span> <span class='ocrx_word' id='word_1_342' title='bbox 468 4453 508 4521; x_wconf 84' lang='lat' dir='ltr'><strong>de</strong></span> <span class='ocrx_word' id='word_1_343' title='bbox 532 4457 633 4524; x_wconf 88' lang='lat' dir='ltr'><strong>Terra</strong></span> <span class='ocrx_word' id='word_1_344' title='bbox 656 4449 762 4538; x_wconf 82' lang='lat' dir='ltr'><strong>cnslra</strong></span> <span class='ocrx_word' id='word_1_345' title='bbox 779 4449 822 4526; x_wconf 89' lang='lat' dir='ltr'><strong>ad</strong></span> <span class='ocrx_word' id='word_1_346' title='bbox 848 4448 992 4526; x_wconf 83' lang='lat' dir='ltr'><strong>Ciuita-</strong></span> 
     </span>
     <span class='ocr_line' id='line_1_63' title="bbox 229 4549 991 4643; baseline 0.01 -27"><span class='ocrx_word' id='word_1_347' title='bbox 229 4557 303 4616; x_wconf 81' lang='lat' dir='ltr'><strong>ttm</strong></span> <span class='ocrx_word' id='word_1_348' title='bbox 331 4550 518 4631; x_wconf 85' lang='lat' dir='ltr'><strong>Antenae,</strong></span> <span class='ocrx_word' id='word_1_349' title='bbox 539 4549 622 4634; x_wconf 75' lang='lat' dir='ltr'><strong>sicut</strong></span> <span class='ocrx_word' id='word_1_350' title='bbox 647 4553 797 4627; x_wconf 81' lang='lat' dir='ltr'><strong>audiretur</strong></span> <span class='ocrx_word' id='word_1_351' title='bbox 806 4600 818 4634; x_wconf 90' lang='lat'><strong>,</strong></span> <span class='ocrx_word' id='word_1_352' title='bbox 843 4552 874 4643; x_wconf 78' lang='lat' dir='ltr'><strong>[e</strong></span> <span class='ocrx_word' id='word_1_353' title='bbox 899 4573 991 4626; x_wconf 90' lang='lat' dir='ltr'><strong>tran-</strong></span> 
     </span>
     <span class='ocr_line' id='line_1_64' title="bbox 223 4639 990 4740; baseline 0.02 -29"><span class='ocrx_word' id='word_1_354' title='bbox 223 4639 347 4733; x_wconf 72' lang='lat' dir='ltr'><strong>stulit,</strong></span> <span class='ocrx_word' id='word_1_355' title='bbox 381 4667 418 4717; x_wconf 91' lang='lat' dir='ltr'><strong>ut</strong></span> <span class='ocrx_word' id='word_1_356' title='bbox 450 4649 581 4736; x_wconf 72' lang='lat' dir='ltr'><strong>{acilius</strong></span> <span class='ocrx_word' id='word_1_357' title='bbox 600 4681 672 4740; x_wconf 19' lang='lat' dir='ltr'><strong>,tros</strong></span> <span class='ocrx_word' id='word_1_358' title='bbox 698 4658 743 4727; x_wconf 71' lang='grc' dir='ltr'><strong>Θ·</strong></span> <span class='ocrx_word' id='word_1_359' title='bbox 767 4663 899 4729; x_wconf 80' lang='lat' dir='ltr'><strong>Terram</strong></span> <span class='ocrx_word' id='word_1_360' title='bbox 932 4681 990 4725; x_wconf 85' lang='lat' dir='ltr'><strong>uc·</strong></span> 
     </span>
    </p>
   </div>
   <div class='ocr_carea' id='block_1_17' title="bbox 97 4744 992 4845">
    <p class='ocr_par' dir='ltr' id='par_1_17' title="bbox 97 4744 992 4845">
     <span class='ocr_line' id='line_1_65' title="bbox 97 4744 992 4845; baseline 0.017 -32"><span class='ocrx_word' id='word_1_361' title='bbox 97 4794 105 4813; x_wconf 82' lang='lat'><strong>.</strong></span> <span class='ocrx_word' id='word_1_362' title='bbox 224 4744 326 4836; x_wconf 76' lang='lat' dir='ltr'><strong>sitam</strong></span> <span class='ocrx_word' id='word_1_363' title='bbox 350 4747 442 4839; x_wconf 80' lang='lat' dir='ltr'><strong>prffit</strong></span> <span class='ocrx_word' id='word_1_364' title='bbox 460 4774 582 4832; x_wconf 74' lang='lat' dir='ltr'><strong>exere,</strong></span> <span class='ocrx_word' id='word_1_365' title='bbox 606 4777 713 4828; x_wconf 79' lang='lat' dir='ltr'><strong>cantra</strong></span> <span class='ocrx_word' id='word_1_366' title='bbox 728 4784 808 4845; x_wconf 82' lang='lat' dir='ltr'><strong>nor,</strong></span> <span class='ocrx_word' id='word_1_367' title='bbox 834 4760 889 4828; x_wconf 80' lang='lat' dir='ltr'><strong>ver</strong></span> <span class='ocrx_word' id='word_1_368' title='bbox 906 4782 992 4827; x_wconf 90' lang='lat' dir='ltr'><strong>earn-</strong></span> 
     </span>
    </p>
   </div>
   <div class='ocr_carea' id='block_1_18' title="bbox 228 4849 992 5058">
    <p class='ocr_par' dir='ltr' id='par_1_18' title="bbox 228 4849 992 5058">
     <span class='ocr_line' id='line_1_66' title="bbox 228 4849 992 4943; baseline 0.013 -25"><span class='ocrx_word' id='word_1_369' title='bbox 228 4852 302 4920; x_wconf 79' lang='lat' dir='ltr'><strong>dent</strong></span> <span class='ocrx_word' id='word_1_370' title='bbox 330 4852 462 4918; x_wconf 84' lang='lat' dir='ltr'><strong>Terranr</strong></span> <span class='ocrx_word' id='word_1_371' title='bbox 497 4849 652 4920; x_wconf 75' lang='lat' dir='ltr'><strong>auxilinm</strong></span> <span class='ocrx_word' id='word_1_372' title='bbox 684 4855 842 4943; x_wconf 84' lang='lat' dir='ltr'><strong>praeliare</strong></span> <span class='ocrx_word' id='word_1_373' title='bbox 875 4860 992 4931; x_wconf 86' lang='lat' dir='ltr'><strong>audeat</strong></span> 
     </span>
     <span class='ocr_line' id='line_1_67' title="bbox 230 4948 992 5058; baseline 0.014 -36"><span class='ocrx_word' id='word_1_374' title='bbox 230 4951 287 5022; x_wconf 79' lang='lat' dir='ltr'><strong>rar</strong></span> <span class='ocrx_word' id='word_1_375' title='bbox 313 4949 488 5045; x_wconf 76' lang='lat' dir='ltr'><strong>severunt.</strong></span> <span class='ocrx_word' id='word_1_376' title='bbox 521 4948 562 5020; x_wconf 78' lang='lat' dir='ltr'><strong>Si</strong></span> <span class='ocrx_word' id='word_1_377' title='bbox 599 4951 656 5050; x_wconf 80' lang='lat' dir='ltr'><strong>qui</strong></span> <span class='ocrx_word' id='word_1_378' title='bbox 689 4974 794 5028; x_wconf 79' lang='lat' dir='ltr'><strong>aurant</strong></span> <span class='ocrx_word' id='word_1_379' title='bbox 827 4959 992 5058; x_wconf 84' lang='lat' dir='ltr'><strong>Praecepti</strong></span> 
     </span>
    </p>
   </div>
   <div class='ocr_carea' id='block_1_19' title="bbox 1102 3431 1870 4957">
    <p class='ocr_par' dir='ltr' id='par_1_19' title="bbox 1102 3431 1870 4957">
     <span class='ocr_line' id='line_1_68' title="bbox 1105 3431 1865 3537; baseline -0.011 -24"><span class='ocrx_word' id='word_1_380' title='bbox 1105 3439 1208 3534; x_wconf 90' lang='lat' dir='ltr'><strong>depta</strong></span> <span class='ocrx_word' id='word_1_381' title='bbox 1234 3440 1299 3521; x_wconf 91' lang='lat' dir='ltr'><strong>ell,</strong></span> <span class='ocrx_word' id='word_1_382' title='bbox 1327 3439 1382 3512; x_wconf 86' lang='lat' dir='ltr'><strong>led</strong></span> <span class='ocrx_word' id='word_1_383' title='bbox 1409 3466 1498 3533; x_wconf 89' lang='lat' dir='ltr'><strong>quae</strong></span> <span class='ocrx_word' id='word_1_384' title='bbox 1523 3434 1634 3537; x_wconf 89' lang='lat' dir='ltr'><strong>polita</strong></span> <span class='ocrx_word' id='word_1_385' title='bbox 1660 3433 1700 3509; x_wconf 89' lang='lat' dir='ltr'><strong>in</strong></span> <span class='ocrx_word' id='word_1_386' title='bbox 1726 3431 1865 3508; x_wconf 89' lang='lat' dir='ltr'><strong>ditione</strong></span> 
     </span>
     <span class='ocr_line' id='line_1_69' title="bbox 1108 3535 1864 3639; baseline -0.013 -25"><span class='ocrx_word' id='word_1_387' title='bbox 1108 3540 1318 3629; x_wconf 87' lang='lat' dir='ltr'><strong>Pontifieia,</strong></span> <span class='ocrx_word' id='word_1_388' title='bbox 1345 3539 1558 3639; x_wconf 87' lang='lat' dir='ltr'><strong>Episcopatu</strong></span> <span class='ocrx_word' id='word_1_389' title='bbox 1590 3561 1733 3634; x_wconf 87' lang='lat' dir='ltr'><strong>qunque</strong></span> <span class='ocrx_word' id='word_1_390' title='bbox 1758 3535 1864 3631; x_wconf 90' lang='lat' dir='ltr'><strong>longe</strong></span> 
     </span>
     <span class='ocr_line' id='line_1_70' title="bbox 1105 3631 1863 3715; baseline -0.011 -2"><span class='ocrx_word' id='word_1_391' title='bbox 1105 3657 1187 3714; x_wconf 90' lang='lat' dir='ltr'><strong>ante</strong></span> <span class='ocrx_word' id='word_1_392' title='bbox 1212 3643 1358 3714; x_wconf 86' lang='lat' dir='ltr'><strong>alteram</strong></span> <span class='ocrx_word' id='word_1_393' title='bbox 1385 3641 1432 3715; x_wconf 87' lang='lat' dir='ltr'><strong>cll</strong></span> <span class='ocrx_word' id='word_1_394' title='bbox 1457 3637 1585 3714; x_wconf 77' lang='lat' dir='ltr'><strong>aubia.</strong></span> <span class='ocrx_word' id='word_1_395' title='bbox 1619 3639 1661 3711; x_wconf 85' lang='lat' dir='ltr'><strong>in</strong></span> <span class='ocrx_word' id='word_1_396' title='bbox 1696 3636 1762 3709; x_wconf 84' lang='lat' dir='ltr'><strong>bac</strong></span> <span class='ocrx_word' id='word_1_397' title='bbox 1787 3631 1863 3706; x_wconf 88' lang='lat' dir='ltr'><strong>Ur-</strong></span> 
     </span>
     <span class='ocr_line' id='line_1_71' title="bbox 1106 3735 1863 3843; baseline -0.009 -28"><span class='ocrx_word' id='word_1_398' title='bbox 1106 3742 1148 3815; x_wconf 91' lang='lat' dir='ltr'><strong>be</strong></span> <span class='ocrx_word' id='word_1_399' title='bbox 1184 3741 1399 3843; x_wconf 82' lang='lat' dir='ltr'><strong>agnoscenda</strong></span> <span class='ocrx_word' id='word_1_400' title='bbox 1440 3738 1580 3837; x_wconf 88' lang='lat' dir='ltr'><strong>decepti</strong></span> <span class='ocrx_word' id='word_1_401' title='bbox 1614 3735 1695 3812; x_wconf 91' lang='lat' dir='ltr'><strong>sunt</strong></span> <span class='ocrx_word' id='word_1_402' title='bbox 1729 3736 1863 3810; x_wconf 85' lang='lat' dir='ltr'><strong>Cluue·</strong></span> 
     </span>
     <span class='ocr_line' id='line_1_72' title="bbox 1104 3834 1864 3931; baseline -0.009 -14"><span class='ocrx_word' id='word_1_403' title='bbox 1104 3843 1198 3924; x_wconf 86' lang='lat' dir='ltr'><strong>rius,</strong></span> <span class='ocrx_word' id='word_1_404' title='bbox 1234 3845 1396 3920; x_wconf 89' lang='lat' dir='ltr'><strong>Leander</strong></span> <span class='ocrx_word' id='word_1_405' title='bbox 1421 3845 1617 3931; x_wconf 63' lang='lat' dir='ltr'><strong>tilbertus,</strong></span> <span class='ocrx_word' id='word_1_406' title='bbox 1654 3834 1808 3921; x_wconf 86' lang='lat' dir='ltr'><strong>Carolus</strong></span> <span class='ocrx_word' id='word_1_407' title='bbox 1841 3858 1864 3910; x_wconf 89' lang='lat' dir='ltr'><strong>a</strong></span> 
     </span>
     <span class='ocr_line' id='line_1_73' title="bbox 1106 3939 1865 4029; baseline -0.009 -11"><span class='ocrx_word' id='word_1_408' title='bbox 1106 3944 1234 4019; x_wconf 69' lang='lat' dir='ltr'><strong>Sanilo</strong></span> <span class='ocrx_word' id='word_1_409' title='bbox 1270 3948 1406 4029; x_wconf 87' lang='lat' dir='ltr'><strong>Paulo,</strong></span> <span class='ocrx_word' id='word_1_410' title='bbox 1449 3939 1696 4020; x_wconf 84' lang='lat' dir='ltr'><strong>lllustriffimus</strong></span> <span class='ocrx_word' id='word_1_411' title='bbox 1731 3943 1865 4012; x_wconf 82' lang='lat' dir='ltr'><strong>Fonta-</strong></span> 
     </span>
     <span class='ocr_line' id='line_1_74' title="bbox 1105 4037 1863 4140; baseline -0.011 -21"><span class='ocrx_word' id='word_1_412' title='bbox 1105 4046 1250 4131; x_wconf 90' lang='lat' dir='ltr'><strong>ninius,</strong></span> <span class='ocrx_word' id='word_1_413' title='bbox 1285 4045 1324 4120; x_wconf 81' lang='lat' dir='ltr'><strong>dt</strong></span> <span class='ocrx_word' id='word_1_414' title='bbox 1360 4046 1450 4122; x_wconf 90' lang='lat' dir='ltr'><strong>alii.</strong></span> <span class='ocrx_word' id='word_1_415' title='bbox 1486 4045 1635 4120; x_wconf 86' lang='lat' dir='ltr'><strong>Erudite</strong></span> <span class='ocrx_word' id='word_1_416' title='bbox 1659 4039 1700 4115; x_wconf 88' lang='lat'>&amp;</span> <span class='ocrx_word' id='word_1_417' title='bbox 1725 4037 1863 4140; x_wconf 85' lang='lat' dir='ltr'><strong>egregie</strong></span> 
     </span>
     <span class='ocr_line' id='line_1_75' title="bbox 1104 4141 1860 4254; baseline -0.015 -33"><span class='ocrx_word' id='word_1_418' title='bbox 1104 4147 1151 4223; x_wconf 77' lang='lat' dir='ltr'><strong>de&#39;</strong></span> <span class='ocrx_word' id='word_1_419' title='bbox 1173 4177 1213 4225; x_wconf 93' lang='lat' dir='ltr'><strong>ea</strong></span> <span class='ocrx_word' id='word_1_420' title='bbox 1238 4166 1496 4223; x_wconf 87' lang='lat' dir='ltr'><strong>commentatus</strong></span> <span class='ocrx_word' id='word_1_421' title='bbox 1522 4145 1570 4222; x_wconf 77' lang='lat' dir='ltr'><strong>est</strong></span> <span class='ocrx_word' id='word_1_422' title='bbox 1604 4141 1860 4254; x_wconf 81' lang='lat' dir='ltr'><strong>supralaudatus</strong></span> 
     </span>
     <span class='ocr_line' id='line_1_76' title="bbox 1107 4248 1860 4326; baseline -0.016 -4"><span class='ocrx_word' id='word_1_423' title='bbox 1107 4251 1256 4326; x_wconf 82' lang='lat' dir='ltr'><strong>Amicus</strong></span> <span class='ocrx_word' id='word_1_424' title='bbox 1291 4251 1382 4325; x_wconf 91' lang='lat' dir='ltr'><strong>olim</strong></span> <span class='ocrx_word' id='word_1_425' title='bbox 1418 4277 1516 4324; x_wconf 86' lang='lat' dir='ltr'><strong>meus</strong></span> <span class='ocrx_word' id='word_1_426' title='bbox 1553 4252 1591 4322; x_wconf 88' lang='lat' dir='ltr'><strong>P.</strong></span> <span class='ocrx_word' id='word_1_427' title='bbox 1626 4248 1784 4319; x_wconf 88' lang='lat' dir='ltr'><strong>Bcrettus</strong></span> <span class='ocrx_word' id='word_1_428' title='bbox 1819 4263 1860 4311; x_wconf 90' lang='lat' dir='ltr'><strong>tu</strong></span> 
     </span>
     <span class='ocr_line' id='line_1_77' title="bbox 1107 4341 1864 4452; baseline -0.015 -28"><span class='ocrx_word' id='word_1_429' title='bbox 1107 4353 1371 4452; x_wconf 86' lang='lat' dir='ltr'><strong>Prolegomenis</strong></span> <span class='ocrx_word' id='word_1_430' title='bbox 1414 4353 1456 4427; x_wconf 87' lang='lat' dir='ltr'><strong>ad</strong></span> <span class='ocrx_word' id='word_1_431' title='bbox 1493 4349 1621 4426; x_wconf 88' lang='lat' dir='ltr'><strong>Tabul.</strong></span> <span class='ocrx_word' id='word_1_432' title='bbox 1660 4341 1864 4441; x_wconf 85' lang='lat' dir='ltr'><strong>Chorngra·</strong></span> 
     </span>
     <span class='ocr_line' id='line_1_78' title="bbox 1106 4434 1864 4563; baseline -0.013 -38"><span class='ocrx_word' id='word_1_433' title='bbox 1106 4450 1198 4552; x_wconf 90' lang='lat' dir='ltr'><strong>pbic.</strong></span> <span class='ocrx_word' id='word_1_434' title='bbox 1225 4480 1302 4553; x_wconf 81' lang='lat' dir='ltr'><strong>pag.</strong></span> <span class='ocrx_word' id='word_1_435' title='bbox 1333 4456 1416 4554; x_wconf 84' lang='lat'><strong>163.</strong></span> <span class='ocrx_word' id='word_1_436' title='bbox 1441 4449 1551 4530; x_wconf 88' lang='lat' dir='ltr'><strong>Tomi</strong></span> <span class='ocrx_word' id='word_1_437' title='bbox 1579 4453 1622 4522; x_wconf 85' lang='lat' dir='ltr'><strong>X.</strong></span> <span class='ocrx_word' id='word_1_438' title='bbox 1650 4434 1864 4563; x_wconf 36' lang='lat' dir='ltr'><strong>lien-ltali-</strong></span> 
     </span>
     <span class='ocr_line' id='line_1_79' title="bbox 1107 4550 1866 4642; baseline -0.014 -15"><span class='ocrx_word' id='word_1_439' title='bbox 1107 4579 1246 4630; x_wconf 91' lang='lat' dir='ltr'><strong>carum.</strong></span> <span class='ocrx_word' id='word_1_440' title='bbox 1276 4559 1430 4642; x_wconf 80' lang='lat' dir='ltr'><strong>Dicerefir</strong></span> <span class='ocrx_word' id='word_1_441' title='bbox 1454 4550 1617 4637; x_wconf 80' lang='lat' dir='ltr'><strong>Brbienfis</strong></span> <span class='ocrx_word' id='word_1_442' title='bbox 1642 4563 1866 4622; x_wconf 82' lang='lat' dir='ltr'><strong>mentionem</strong></span> 
     </span>
     <span class='ocr_line' id='line_1_80' title="bbox 1103 4645 1870 4847; baseline -0.014 -15"><span class='ocrx_word' id='word_1_443' title='bbox 1103 4658 1434 4836; x_wconf 55' lang='lat' dir='ltr'><strong>iiiqiriiviii</strong></span> <span class='ocrx_word' id='word_1_444' title='bbox 1461 4645 1870 4847; x_wconf 65' lang='lat' dir='ltr'><strong>³ir2ii.””iiiiiil.i.i</strong></span> 
     </span>
     <span class='ocr_line' id='line_1_81' title="bbox 1102 4847 1869 4957; baseline -0.017 -22"><span class='ocrx_word' id='word_1_445' title='bbox 1102 4863 1263 4957; x_wconf 87' lang='lat' dir='ltr'><strong>patebit.</strong></span> <span class='ocrx_word' id='word_1_446' title='bbox 1305 4864 1424 4955; x_wconf 85' lang='lat' dir='ltr'><strong>Quare</strong></span> <span class='ocrx_word' id='word_1_447' title='bbox 1463 4860 1604 4936; x_wconf 87' lang='lat' dir='ltr'><strong>aceedit</strong></span> <span class='ocrx_word' id='word_1_448' title='bbox 1638 4851 1678 4930; x_wconf 78' lang='lat' dir='ltr'><strong>dt</strong></span> <span class='ocrx_word' id='word_1_449' title='bbox 1719 4852 1789 4926; x_wconf 89' lang='lat' dir='ltr'><strong>hoe</strong></span> <span class='ocrx_word' id='word_1_450' title='bbox 1825 4847 1869 4924; x_wconf 89' lang='lat' dir='ltr'><strong>ad</strong></span> 
     </span>
    </p>
   </div>
   <div class='ocr_carea' id='block_1_20' title="bbox 1101 4953 1863 5143">
    <p class='ocr_par' dir='ltr' id='par_1_20' title="bbox 1101 4953 1863 5143">
     <span class='ocr_line' id='line_1_82' title="bbox 1101 4953 1863 5060; baseline -0.014 -27"><span class='ocrx_word' id='word_1_451' title='bbox 1101 4961 1401 5060; x_wconf 81' lang='lat' dir='ltr'><strong>dignoscendum,</strong></span> <span class='ocrx_word' id='word_1_452' title='bbox 1436 4987 1510 5036; x_wconf 89' lang='lat' dir='ltr'><strong>non</strong></span> <span class='ocrx_word' id='word_1_453' title='bbox 1536 4959 1633 5037; x_wconf 80' lang='lat' dir='ltr'><strong>idern</strong></span> <span class='ocrx_word' id='word_1_454' title='bbox 1659 4953 1761 5032; x_wconf 74' lang='lat' dir='ltr'><strong>fulde</strong></span> <span class='ocrx_word' id='word_1_455' title='bbox 1784 4958 1863 5024; x_wconf 76' lang='lat' dir='ltr'><strong>Sar-</strong></span> 
     </span>
     <span class='ocr_line' id='line_1_83' title="bbox 1703 5055 1814 5143; baseline -0.045 -14"><span class='ocrx_word' id='word_1_456' title='bbox 1703 5055 1814 5143; x_wconf 77' lang='lat' dir='ltr'><strong>finam</strong></span> 
     </span>
    </p>
   </div>
   <div class='ocr_carea' id='block_1_21' title="bbox 0 0 2112 6012">
    <p class='ocr_par' dir='ltr' id='par_1_21' title="bbox 0 0 2112 6012">
     <span class='ocr_line' id='line_1_84' title="bbox 0 0 2112 6012; baseline 0 0"><span class='ocrx_word' id='word_1_457' title='bbox 0 0 2112 6012; x_wconf 95' lang='lat' dir='ltr'><strong> </strong></span> 
     </span>
    </p>
   </div>
  </div>
 </body>
</html>
