4216 6014
244 326 570 495 AniciiMXLil.
604 298 807 495 iiaHsYiir
815 299 1023 520 'eririsisdais
1043 299 1123 494 AM
1129 297 1388 493 aiuilsc1.18dd4
1403 298 1618 492 fuisos&
1651 327 1920 493 normes-⁸

243 511 546 617 Burgundiones,
582 517 715 594 imber»
747 524 919 618 mitade
951 528 1014 594 nri·

242 637 375 710 earm,
415 621 472 697 uti
508 621 632 698 scribit
667 624 812 698 Donizo
847 622 888 696 in
923 625 1012 713 Vita

240 716 440 798 Matbildis
464 724 552 800 Lib.
577 721 694 821 primo
718 727 808 821 Can
840 748 898 799 rr.

308 825 523 900 Graecorum
562 849 703 924 quoque
729 850 807 900 mos
843 825 914 900 suit
951 826 1009 928 ip-

242 916 315 996 sam
341 926 477 1000 nutrire
501 927 668 1008 barbam,
704 953 745 1001 ac
771 929 981 1028 promittere
990 955 1004 1030 3

242 1047 421 1123 quumque
445 1027 489 1100 ad
514 1053 638 1104 eorum
664 1053 779 1104 mores
814 1028 847 1105 se
874 1031 1004 1106 Veneti

241 1118 524 1222 conformarent,
560 1148 742 1229 propterea
767 1129 807 1206 ἃ
833 1130 896 1227 ipfi
923 1160 1005 1232 pro·

241 1222 411 1302 cedebant
431 1231 586 1307 barbati.
603 1235 725 1309 Petrus
751 1231 917 1307 Urseolus
932 1240 1005 1308 Ve-

1127 545 1253 595 nuere.
1296 524 1344 595 Et
1377 519 1522 620 quidem
1559 519 1706 593 Saeculo
1743 515 1906 629 eodeni,

1125 645 1199 718 quo
1228 621 1375 698 Sansius
1404 619 1599 722 Gregorius
1626 620 1734 707 vti,
1768 613 1905 689 siorutt

1124 723 1233 798 etiarn
1263 727 1386 798 Petrus
1414 720 1604 798 Damiani.
1634 723 1669 795 [s
1696 721 1780 793 verb
1804 717 1902 790 Bar-

1123 822 1187 897 bae
1223 853 1244 900 a
1278 823 1434 900 Clericis
1467 824 1562 899 rasae
1602 823 1807 898 luculentus
1850 811 1900 889 est

1122 924 1239 1004 testis,
1275 925 1359 1000 dum
1387 925 1472 1003 Lib.
1499 923 1617 1026 primo
1644 921 1803 1023 Epistola
1835 940 1897 1011 ις.

1120 1021 1265 1100 scribit:
1293 1026 1507 1111 Eccselirrrtrrr
1524 1027 1626 1123 plaste
1644 1025 1797 1098 Relsores
1815 1043 1898 1095 tan·

1119 1146 1150 1197 tr
1179 1128 1355 1226 vertiginis
1379 1129 1523 1226 quotidie
1556 1147 1703 1198 ementur
1731 1123 1897 1216 impetisse.

1119 1250 1156 1297 ur
1179 1255 1230 1300 ecs
1265 1260 1288 1302 a
1317 1229 1540 1303 Saecularibus
1565 1225 1790 1311 Barbiralirrrr
1814 1225 1900 1321 qui-

239 1344 401 1404 netorum
430 1335 538 1423 Dux,
562 1333 627 1435 qui
654 1338 781 1411 Seculo
797 1333 934 1410 Christi
960 1340 1006 1408 X.
1046 1333 1076 1405 B
1119 1332 1190 1398 dem
1215 1330 1376 1411 dividar,
1403 1331 1463 1424 secl
1496 1329 1581 1403 assir
1613 1353 1675 1399 nro
1710 1327 1899 1420 discernae.

238 1428 382 1506 Ducatu
399 1430 467 1506 sese
485 1434 691 1518 abdicavit,
711 1453 751 1510 ut
770 1434 1003 1509 Monasticanr

238 1527 354 1604 tritam
371 1534 665 1634 amplesieretnr,
682 1535 767 1609 dum
787 1533 922 1636 sugeret
936 1563 1005 1611 una

238 1655 320 1704 cum
347 1635 509 1710 Guarino
530 1638 693 1719 libbam,
719 1635 1006 1738 conspiceretque

237 1728 385 1818 inllare,
411 1735 475 1836 qui
494 1737 537 1811 ad
563 1735 597 1813 se
614 1738 850 1814 revocandum
869 1765 1003 1816 convo·

239 1832 389 1919 labant,
426 1839 612 1916 conversus
645 1838 689 1913 ad
714 1842 895 1915 Abbatem
920 1841 1000 1917 ait:

237 1938 436 2028 Quaereriur
458 1941 563 2033 accipe
585 1943 794 2032 massar»,
819 1944 865 2014 θ
884 1950 1003 2042 repom

237 2037 319 2108 nihi
357 2036 526 2126 hubam,
560 2043 666 2142 licque
714 2044 865 2116 stabim
905 2045 1003 2117 indere

236 2139 469 2227 Mmcsiicarr.
510 2146 591 2220 Hac
617 2163 692 2219 arte
717 2143 826 2219 evasit
851 2144 1003 2222 minime

1121 1427 1262 1520 Quibus
1296 1457 1341 1506 ex
1376 1430 1492 1505 uerbis
1526 1427 1724 1520 discimus,
1759 1425 1899 1503 Laicos

1122 1532 1301 1606 Romanos
1333 1529 1506 1607 intasiam
1540 1527 1683 1605 servasse
1718 1529 1896 1611 Barbam.

1119 1651 1282 1707 auream
1309 1636 1482 1725 curtasse,
1517 1657 1589 1707 non
1615 1629 1798 1706 sustulisse.
1834 1633 1895 1704 A·

1118 1731 1338 1811 nimadrerte
1363 1754 1506 1825 tamen,
1540 1731 1626 1832 quid
1652 1731 1778 1807 lrabeat
1805 1730 1900 1807 Dit-

1119 1857 1235 1909 marus
1257 1834 1320 1909 sub
1340 1834 1488 1910 initium
1508 1832 1612 1909 Libri
1631 1835 1716 1905 vll.
1735 1831 1798 1906 ubi
1818 1835 1896 1905 Ro-

1118 1959 1259 2009 manant
1288 1938 1569 2011 coronationem
1599 1931 1752 2007 Henrici
1777 1928 1808 2006 I.
1838 1930 1896 2007 in·

1118 2054 1173 2112 ter
1197 2035 1374 2138 Augustos
1408 2036 1452 2113 ad
1488 2041 1637 2111 Annum
1666 2031 1753 2109 Chr.
1782 2055 1891 2129 1014.

1116 2136 1304 2215 describit.
1338 2142 1432 2216 Eum
1460 2162 1588 2238 nempe
1619 2135 1723 2210 nobis
1747 2132 1893 2210 exbibet

237 2238 282 2312 ab
307 2239 360 2317 eis
385 2245 547 2345 agnitus.
588 2250 643 2322 Ita
669 2245 708 2321 in
735 2247 808 2340 ejus
836 2246 923 2321 Vita
950 2252 1002 2323 le-
1039 2232 1075 2313 C
1114 2270 1136 2314 a
1159 2239 1368 2315 Smwibss
1400 2241 1564 2314 timim
1591 2239 1781 2327 '‘laum''
1815 2262 1892 2336 9⁸⁹·

236 2367 307 2438 go.
347 2345 407 2420 Ad
443 2346 529 2422 haec
562 2352 673 2424 Anno
707 2351 926 2453 Mttvlu.
962 2350 1001 2424 in

237 2441 373 2519 Charta
407 2448 583 2525 Chronici
624 2449 868 2525 Vulturnenss
907 2454 1002 2525 Part.

235 2539 285 2616 ll.
304 2547 417 2620 Tomi
439 2554 466 2621 1.
490 2555 570 2624 Rer.
593 2552 796 2625 Italicarum
818 2579 895 2651 pag.
916 2555 1000 2644 506.

207 2639 435 2718 'lldccardus
461 2649 604 2742 quidam
633 2649 711 2722 ait:
748 2652 928 2745 lrlpr'rwir
953 2681 1002 2724 me

235 2740 428 2832 omnipotens
453 2752 563 2830 Deus,
588 2770 626 2819 ar
650 2750 704 2820 bre
727 2755 890 2824 Mundam
910 2754 1000 2824 dere·

230 2838 400 2938 linquam,
442 2847 486 2918 <9
524 2851 658 2922 turrim
684 2849 700 2946 s
725 2877 788 2950 pro
814 2857 998 2956 sordeam)

232 2963 327 3039 raptet
363 2942 411 3025 (Υ
450 2946 585 3023 boian
623 2981 760 3038 meant,
799 2953 849 3036 &
886 2957 1000 3045 tessere

227 3041 378 3137 [andane
403 3055 619 3126 Meracsilem
639 3056 791 3128 induam.
819 3060 998 3133 Praeterea

1115 2368 1184 2414 rare
1204 2341 1261 2436 serr
1285 2341 1350 2430 rasi
1373 2346 1487 2419 Barbd
1499 2392 1511 2426 ‚
1545 2340 1611 2415 asii
1632 2340 1761 2437 prolixi
1785 2337 1892 2437 mylli·

1115 2471 1148 2515 ce
1180 2443 1365 2518 incedebant
1398 2472 1467 2518 cem
1501 2441 1652 2516 semesis.
1689 2439 1820 2517 Rursus
1852 2440 1892 2517 in

1118 2544 1206 2620 vita
1247 2545 1462 2644 praelaudati
1502 2541 1670 2645 Gregorii
1707 2546 1791 2617 Vis.
1831 2568 1889 2644 per

1114 2643 1346 2721 Cardinalem
1384 2645 1608 2749 Aragonium
1652 2669 1697 2720 ex
1733 2643 1889 2744 antiquis

1114 2748 1297 2847 decerpta,
1323 2767 1470 2845 atquca
1489 2773 1546 2825 me
1568 2743 1665 2823 editi
1681 2746 1804 2823 Tomo
1823 2749 1888 2822 111.

1116 2854 1195 2922 Res.
1223 2850 1339 2925 Italic.
1365 2848 1513 2925 Sentius
1541 2848 1802 2926 illePontisex
1827 2847 1889 2927 ab·

1115 2950 1231 3047 jecisse
1273 2950 1407 3026 dicitur
1444 2951 1617 3050 sexaginta
1653 2949 1889 3043 Mmfirrmics

1112 3053 1199 3125 beari
1222 3055 1330 3127 Petri.
1366 3060 1478 3127 Erant
1508 3055 1593 3126 etrier
1615 3052 1717 3125 ctus
1741 3053 1886 3125 Romani

232 3171 312 3222 mos
337 3147 431 3245 suit,
457 3172 497 3229 ut
523 3154 660 3233 Clerici
684 3157 836 3248 Latini,
862 3158 998 3259 potiffi-
1043 3155 1074 3222 ὓ
1113 3156 1268 3234 wrm»
1296 3156 1354 3248 sm
1388 3153 1624 3245 mifmllr
1658 3149 1759 3225 lm
1792 3152 1859 3240 ’δή
1870 3202 1882 3234 r

232 3273 332 3326 nrum
354 3256 530 3341 Romani,
551 3261 692 3335 barbam
712 3259 892 3336 raderent.
909 3267 998 3337 Gre-

233 3352 354 3449 gorius
391 3362 476 3432 Vll.
504 3362 597 3457 Papa
628 3360 713 3437 Lib.
741 3368 775 3436 8.
803 3363 911 3463 Epist.
940 3390 996 3440 ro.

232 3450 425 3527 scribebat:
446 3463 719 3550 Quemadmodm
736 3462 835 3531 trtius
848 3465 996 3533 onum

229 3550 309 3619 ratis
328 3552 484 3636 Ecclefire
500 3561 611 3626 crem
628 3555 672 3628 ab
690 3557 768 3652 ipsis
784 3560 883 3630 Fidei
897 3563 994 3634 cbri-

222 3644 353 3735 βίαια,
372 3652 559 3745 primordiis
589 3652 722 3727 barbam
757 3659 895 3731 radendi
927 3690 993 3733 rna-

228 3773 293 3818 rem
317 3750 442 3835 renuit,
476 3751 525 3827 itu
551 3754 620 3830 oc.
648 3757 783 3833 Verittn
809 3784 882 3834 non
907 3759 992 3838 haec

228 3861 302 3922 tam
328 3849 455 3930 diserte
480 3858 656 3957 Gregorio
691 3859 863 3939 Pontifici
897 3865 993 3940 affir-

228 3951 355 4026 manda
380 3976 500 4033 erant.
527 3961 607 4036 Alii
627 3962 723 4040 enim
748 3961 845 4043 suere
863 3991 904 4041 ac
929 3994 991 4043 ra-

226 4050 273 4125 rii
297 4074 455 4130 veterum
476 4054 702 4137 Clericorum
727 4093 863 4146 mores.
888 4067 991 4147 Cou-
1035 4056 1064 4127 Ε

1114 3256 1158 3331 O·
1195 3255 1370 3339 michaei,
1409 3253 1569 3353 afferentes
1581 3301 1595 3337 ‚
1622 3251 1658 3347 se
1682 3251 1883 3329 reatinus

1113 3362 1313 3453 Presbyterot
1338 3356 1414 3453 effe.
1448 3356 1604 3434 Scilicet·
1626 3352 1735 3437 hiel
1759 3373 1885 3447 eram,

1114 3459 1216 3553 seque
1229 3458 1352 3533 eodem
1373 3478 1532 3560 tempore
1546 3457 1772 3554 Presbyteros
1786 3483 1886 3534 rnen·

1113 3557 1317 3643 tiebantur,
1351 3559 1391 3634 in
1418 3563 1518 3664 cujus
1533 3559 1597 3638 <rei
1625 3557 1757 3663 lignum
1783 3559 1887 3635 barbi

1111 3659 1175 3745 rufi
1209 3661 1473 3756 procedebant.
1511 3663 1569 3741 Ita
1603 3661 1770 3740 Dandulo
1802 3659 1885 3737 teste

1074 3738 1149 3856 lin
1184 3761 1390 3848 Chronico,
1425 3765 1571 3842 circiter
1595 3769 1744 3842 Annum
1779 3761 1887 3843 Chri·

1109 3860 1151 3936 ui
1166 3865 1472 3945 dccccxcvi
1487 3866 1702 3944 Dominieus
1718 3864 1787 3942 Vir
1799 3866 1886 3947 Lai·

1109 3989 1169 4038 cus
1189 3993 1215 4042 a
1242 3968 1380 4065 Populo
1407 3974 1547 4045 Veneto
1572 3976 1730 4069 experitus
1755 3968 1885 4067 Epistr-

1106 4088 1172 4167 prts
1181 4116 1193 4151 ‚
1228 4069 1364 4164 abscissi
1399 4074 1499 4145 serbi
1525 4070 1595 4159 sibi
1605 4121 1618 4156 ,
1648 4071 1773 4145 intritus
1797 4070 1883 4168 Epi·

227 4152 306 4231 eilii
327 4159 391 4232 lv.
410 4157 710 4262 Carthaginiense
729 4171 912 4246 Cononem
927 4200 991 4270 44.
1102 4170 1264 4262 scopatum
1289 4174 1426 4264 accepit.
1463 4173 1617 4248 Proinde
1644 4173 1683 4248 in
1709 4170 1881 4269 antiquis·

227 4259 336 4334 audi:
365 4262 506 4336 Clericus
530 4290 585 4335 nec
609 4289 725 4337 comam
750 4271 905 4358 mrim
937 4301 991 4346 nee

226 4357 360 4436 barbam
386 4367 482 4440 radat
490 4416 502 4449 ‚
529 4363 625 4450 lire,
651 4382 692 4442 ut
730 4364 795 4441 alii
833 4366 989 4448 Codices

225 4454 379 4549 babent,
404 4470 553 4542 tondeat.
582 4473 665 4544 Non
684 4486 758 4546 tam
778 4486 894 4546 certus
919 4472 988 4565 est,

227 4551 363 4670 sucos,
388 4583 507 4644 textus
533 4565 696 4646 Canonis
723 4568 848 4672 hujus,
875 4573 987 4648 Codi-

225 4655 324 4732 crbus
346 4686 420 4736 non
443 4670 530 4741 bene
552 4670 807 4750 concordibus.
833 4678 887 4748 At
906 4701 986 4768 pro-

225 4757 284 4832 cul
313 4758 422 4834 dubio
447 4767 673 4863 Apollinaris
708 4772 874 4849 Sidonius
902 4774 986 4850 Lib.

221 4885 259 4960 4.
282 4860 391 4964 Epist.
416 4886 476 4960 24
503 4867 716 4965 apertisiime
743 4875 883 4965 prodit,
910 4877 986 4947 Cle·

223 4970 300 5042 rirrr
333 4963 395 5046 suo
420 4985 580 5072 ternpore
607 4966 648 5045 in
673 4972 805 5048 Galliis
834 4977 984 5053 Barbam

661 5454 663 5459 ⁴
757 5456 782 5499 X

787 5506 811 5549 N

1108 4268 1202 4344 fimis
1219 4269 1400 4369 pisturis,
1430 4276 1467 4348 bt
1493 4272 1722 4394 anaglyphis,
1745 4270 1880 4349 Mona-

1107 4368 1165 4444 chi
1189 4366 1228 4444 dt
1253 4372 1388 4449 Clerici
1411 4375 1602 4454 saeculares
1621 4375 1794 4453 tnberbes
1816 4387 1880 4451 be·

1107 4487 1273 4548 currunt.
1308 4475 1418 4570 Quod
1452 4478 1562 4555 risum
1596 4494 1762 4554 moseatr
1796 4476 1880 4553 ban

1107 4570 1182 4646 bati
1208 4577 1362 4652 Graecae
1387 4580 1561 4658 Ecclefiae
1585 4575 1744 4658 Minissri
1774 4580 1880 4657 Secu·

1107 4673 1233 4748 1011.
1269 4677 1304 4749 δι
1333 4676 1644 4779 subsequentibus,
1676 4681 1743 4757 bac
1770 4678 1880 4759 etiam

1105 4772 1149 4847 de
1174 4773 1291 4854 causst
1316 4781 1467 4859 Latinos
1492 4785 1606 4861 veluti
1632 4782 1793 4886 ingentis
1818 4780 1878 4859 fla·

1105 4874 1189 4975 gitii
1215 4874 1483 4968 infimularunt,
1508 4884 1604 4978 quod
1631 4886 1774 4965 barbam
1800 4904 1880 4961 tou·

1102 4977 1244 5055 decent:
1272 4980 1367 5080 quui
1391 5010 1436 5059 ex
1463 4987 1569 5066 barbi
1592 4984 1768 5159 promissi!
1786 5011 1874 5083 pe·-

1767 5109 1823 5160 ere
