4216 6014
283 355 344 463 '539'
560 349 997 468 ANTIQUIT.
1049 349 1301 446 MEDII
1342 352 1533 440 ARV!
1729 383 1810 444 too

231 471 374 542 inlicitas
400 467 564 555 oceofionet
588 470 792 568 requirendas
827 469 895 538 ullo
933 495 996 539 un·
1030 478 1063 550 A
1104 472 1246 541 extiterit
1271 470 1319 550 &⁴
1335 471 1499 564 praefatae
1523 470 1701 557 oseccleliae
1718 473 1772 542 vel
1797 480 1869 543 Re-

229 598 324 667 quam
360 592 493 666 tempore
532 573 657 668 ingredi
701 574 838 649 audeat,
877 569 933 641 vel
958 597 996 642 ea
1101 568 1243 671 'blotibus
1268 571 1337 666 ejus
1376 574 1548 669 quamlibet
1573 574 1719 644 intulerit
1743 595 1868 642 contra-

228 698 307 770 quae
336 674 605 769 supramemorata
639 670 738 758 lunt,
773 671 901 764 penitus
927 671 995 742 erci-
1103 672 1230 746 rietatis
1254 676 1525 771 dampnietatern‚
1567 676 1601 746 in
1628 678 1718 747 rebus
1742 672 1869 743 videli-

224 800 299 871 gere
321 775 499 867 presumat.
526 774 592 842 Sed
614 772 707 841 licent
726 793 890 843 memorato
909 773 994 868 Epi·
1040 773 1042 776 ’
1102 795 1148 843 cet
1182 775 1350 848 mobilibus
1384 775 1432 855 &¹
1467 774 1678 848 immobilibus
1717 774 1751 844 in
1777 779 1867 846 Att-

221 876 313 971 seopo
340 876 464 970 ejusque
485 867 699 963 luccessirribus
741 896 787 943 res
811 871 995 968 praedilae
1101 874 1242 959 claeliis,
1268 877 1445 968 Oratoriis‚
1470 876 1693 964 senodochiis,
1727 873 1784 963 seu
1809 876 1868 944 bo·

227 974 427 1051 Aeculaebac
452 973 524 1060 luae
549 1000 617 1043 cum
644 971 791 1055 Eccleliis
816 975 993 1070 baptisma·
1103 977 1241 1048 minibus
1265 980 1321 1050 vel
1344 978 1434 1071 agris
1462 977 1559 1074 ipfius
1598 977 1693 1056 Sedis
1726 980 1868 1048 bannum

227 1077 344 1156 libus,
371 1074 546 1162 oratoriis,
573 1074 793 1161 senodochiis,
833 1102 901 1145 curu
926 1101 993 1144 om·
1104 1075 1306 1143 inmunitatis
1333 1077 1473 1162 nolitne,
1499 1081 1552 1143 boc
1577 1077 1620 1157 est
1644 1079 1780 1167 triginta
1804 1074 1869 1145 Li·

230 1176 322 1245 nibus
350 1177 438 1244 rebus
464 1175 507 1243 (7
533 1175 709 1244 bominibus
734 1176 778 1244 ad
812 1200 879 1242 eam
910 1174 994 1263 juste
1103 1177 1176 1245 bras
1202 1172 1327 1268 argenti
1346 1174 1382 1264 se
1405 1171 1637 1269 compofitutum
1669 1174 1775 1264 Jctat.
1817 1176 1869 1241 Et

229 1275 448 1368 &legaliter
487 1273 710 1364 aspicientibus
745 1273 848 1368 quiete
882 1272 995 1342 vivete
1103 1293 1140 1342 ut
1173 1275 1247 1345 bace
1282 1273 1400 1360 nollrae
1439 1273 1651 1345 immunitatis
1693 1270 1867 1344 aselloritas

228 1402 265 1450 ac
304 1373 455 1463 reddere,
495 1375 634 1469 qualiter
669 1373 830 1462 Praesules
856 1371 995 1462 ciusdem
1034 1370 1064 1441 Β
1100 1375 1270 1468 pleniorem
1297 1376 1331 1445 in
1358 1374 1424 1446 Dei
1449 1376 1572 1446 nomine
1597 1374 1736 1445 obtineat
1769 1371 1869 1467 vigo·

228 1474 428 1550 Aecclaeliae
462 1501 530 1546 cum
565 1477 657 1547 Clero
682 1472 729 1554 ἐν
751 1475 836 1543 omni
876 1474 996 1568 Populo
1103 1499 1192 1564 rem,
1219 1476 1505 1566 &inconvulsam
1533 1472 1708 1565 firmitatis
1733 1471 1870 1559 flabili-

222 1575 288 1662 fita·
310 1573 452 1666 subieo‘lo
484 1597 541 1672 pro
567 1578 656 1649 nobis
691 1597 785 1672 atque
811 1574 995 1661 stabilitae
1101 1593 1220 1655 tatem,
1247 1601 1344 1646 manu
1366 1577 1494 1673 proprio
1521 1602 1590 1646 eam
1622 1573 1730 1665 subter
1746 1569 1871 1662 firma-

227 1678 325 1749 totius
354 1677 484 1766 imperii
509 1676 639 1768 nollri,·
666 1676 799 1749 Domini
824 1673 993 1757 milerieor-
1102 1675 1231 1754 vimus,
1258 1676 1302 1744 (7
1327 1676 1420 1746 anuli
1454 1674 1549 1760 nostri
1575 1673 1755 1768 iupteffiono
1789 1674 1871 1764 offi-

227 1779 318 1849 diam
344 1778 491 1848 obnixius
517 1804 640 1851 exorare
664 1776 815 1850 delellet.
855 1772 995 1868 Quodsi
1102 1777 1202 1872 gnari
1223 1774 1390 1868 juffimus.

227 1878 299 1974 quis
322 1878 394 1956 buit
421 1879 541 1968 uoslrae
565 1877 752 1965 oup‘loritati
787 1859 1026 1949 contradiclorl

333 2281 470 2378 Signum
549 2092 1018 2530 fflsflludevici
1038 2277 1247 2378 gloriofiffimi
1270 2274 1416 2376 Augusti
1427 2331 1438 2351 .
1514 2268 1516 2271 ⁵

1047 2683 1166 2757 Locus
1191 2680 1311 2782 sigini
1338 2686 1381 2774 ext
1408 2679 1499 2756 cerci
1526 2676 1721 2782 deperditi.

282 2885 414 2959 Raintrs
441 2882 597 2956 Notarius
621 2889 667 2957 ad
689 2883 791 2957 uicem
816 2881 1014 2957 Dmdmiri
1038 2885 1203 2980 recognovi
1227 2881 1275 2966 όν
1295 2882 1486 2979 subscripfi.

284 3091 376 3162 Data
406 3090 461 3158 ut.
488 3087 566 3158 Idus
593 3087 806 3168 Februarias,
833 3093 936 3161 Anno
960 3086 1083 3172 Cbrislo
1106 3087 1265 3184 propitio,
1301 3085 1431 3176 Imperii
1466 3082 1586 3157 Donni
1620 3079 1787 3154 Hlotbarii
1815 3083 1876 3176 pii

383 3188 588 3363 {prppppatloltps
615 3193 768 3263 XXXVI.
797 3189 841 3259 O·
867 3189 1056 3260 Hludowici
1085 3186 1296 3285 gloriofiffimi
1320 3185 1464 3282 adtrgusli
1491 3186 1526 3256 in
1552 3185 1653 3258 Italia
1692 3185 1748 3253 l'l.
1773 3182 1871 3252 Indi·

283 3489 409 3563 ΛΞΜ
435 3492 596 3560 Mantuae
620 3491 751 3580 Palatio
777 3488 882 3584 Regio
906 3489 942 3560 in
968 3490 1033 3562 Dei
1058 3492 1180 3564 nomine
1200 3492 1354 3581 feliciter.
1380 3498 1514 3562 Amen.

285 3686 386 3762 Hinc
426 3686 556 3769 habes,
595 3688 687 3763 unde
712 3686 996 3790 Chronologiam
1020 3693 1071 3839 JC
1108 3694 1240 3766 XLIX.
1281 3690 1344 3790 qui
1384 3709 1529 3773 tamen,
1568 3708 1609 3764 ut
1634 3717 1744 3790 nuper
1769 3687 1869 3763 vidi·

234 3788 489 3869 Pararinorum
518 3788 716 3865 Praesulunr
746 3793 835 3890 apud
857 3791 997 3891 Ugbel·
1076 3784 1217 3913 imus,
1261 3793 1510 3864 tantummodo
1560 3813 1774 3866 memoratur
1821 3789 1869 3864 ad

234 3891 325 3965 lium
352 3892 473 3963 Tornn
508 3895 553 3964 V.
594 3893 674 3966 Ital.
709 3895 801 3968 Sacr.
838 3894 996 3967 luxatam
1108 3899 1256 3966 Annum
1283 3897 1500 3968 DCCCLV.
1527 3894 1719 3968 Aberravit
1747 3909 1869 3965 autem

235 3990 428 4066 restaures.
476 3991 609 4065 Scribit
649 3992 742 4078 ille,
782 4002 998 4068 Hercuradum
1076 3933 1276 4100 illelmus,
1316 3994 1410 4093 quod
1436 3995 1584 4093 Sigonio
1609 3994 1678 4068 sune
1704 3995 1777 4067 ulla
1802 3990 1871 4064 du·

234 4093 309 4191 ejus
352 4089 463 4166 Urbis
505 4092 714 4191 Episcopum
751 4095 892 4172 circiter
918 4100 997 4170 Au·
1109 4095 1284 4169 bitatione
1325 4094 1553 4185 adhaeserit,
1593 4123 1613 4169 a
1653 4121 1724 4193 qno
1764 4091 1870 4186 hujus

235 4219 323 4268 num
366 4195 586 4269 DCCCLII.
625 4193 806 4277 elebbum,
845 4224 864 4270 e
902 4198 997 4270 vivis
1108 4195 1211 4296 ipfius
1240 4197 1458 4297 Diplomatis
1484 4195 1720 4293 fragmentum
1755 4192 1870 4267 adfer-

234 4292 996 4373 exceffitseunnoncccutt.autnccc-
1107 4316 1165 4371 rur
1210 4298 1252 4370 ad
1301 4298 1459 4372 eumdem
1511 4303 1657 4372 Annum
1715 4297 1872 4370 DCCC-

233 4401 334 4472 th.
362 4396 421 4471 cui
448 4395 614 4471 succeffor
638 4398 740 4470 datus
766 4394 837 4471 fuit
861 4396 997 4480 Rosius.
1108 4401 1240 4473 xLIx.
1266 4399 1330 4472 Sed
1356 4399 1474 4474 fucum
1503 4398 1650 4497 Sigonio
1670 4395 1777 4483 fecit,
1804 4395 1872 4492 qui

236 4494 404 4596 Ughellii
444 4524 619 4582 errorem,
659 4497 727 4572 hoc
765 4496 842 4596 ipso
870 4497 997 4595 Dipio-
1107 4498 1276 4575 vitiatum
1303 4499 1540 4601 apographum
1567 4498 1716 4570 adeum
1744 4493 1873 4579 mitit,

236 4612 334 4668 mate
351 4597 481 4681 iectus.
507 4598 710 4675 emendavit
733 4598 907 4674 Sertorios
927 4603 998 4673 Ur·
1035 4607 1069 4675 D
1106 4600 1199 4699 quast
1226 4601 1347 4675 dorum
1390 4598 1624 4696 Privilegium
1663 4594 1770 4668 fuerit
1796 4600 1871 4666 Ro-

236 4693 329 4768 fatus
356 4694 394 4768 io
422 4697 551 4774 Hister.
579 4704 704 4775 Potam-
723 4727 800 4801 pag.
826 4704 908 4793 178.
932 4700 996 4774 sed
1105 4704 1152 4773 rio
1176 4704 1358 4793 Episcopo,
1385 4720 1424 4773 ut
1450 4699 1481 4771 is
1508 4696 1656 4799 scribit,
1681 4703 1783 4770 Anno
1808 4700 1871 4774 tr.

237 4792 278 4870 ἂ
317 4792 390 4894 ipse
434 4797 473 4870 in
518 4802 668 4873 alterum
707 4798 885 4899 prolapsus
925 4800 996 4887 est,
1106 4803 1265 4875 umentes·
1280 4801 1444 4897 Augusti,
1468 4797 1645 4871 indillione
1663 4803 1741 4873 XII.
1757 4825 1870 4896 quum

238 4895 381 4974 Rofium
418 4895 493 4975 seu.
511 4901 659 4974 Ros-iuna
694 4899 906 5001 Episcopum
934 4927 998 4976 no-
1106 4928 1227 4976 revera
1261 4903 1300 4974 in
1340 4900 1532 5001 archetypo
1576 4899 1667 4975 mihi
1709 4898 1869 4998 inlpesto

236 5000 293 5094 bis
334 4996 504 5075 exhibens
555 4999 599 5076 ad
647 5003 794 5076 Annum
843 4988 1030 5111 DCCC!
1106 5001 1261 5079 dilucide
1296 4999 1465 5104 scriptum
1508 5002 1550 5078 srt
1585 5000 1869 5173 IndillioerIH.

1806 5117 1819 5175 i
