4216 6014
183 364 269 447 413
504 331 870 421 nnsnunnno
900 264 1383 422 nnuntnnrmnn.
1617 366 1707 444 414

126 447 169 521 de
203 473 357 548 quonam
393 451 581 525 Coenobio
618 472 741 551 agatur
775 452 854 527 illic
877 501 888 534 ‚
909 459 969 528 *A*
991 451 1040 524 rit
1066 450 1130 523 illa
1157 477 1228 522 non
1256 450 1292 524 in
1321 448 1484 532 Etruria,
1516 476 1629 547 neque
1655 451 1692 522 in
1721 475 1759 519 a·

129 548 230 623 strum
251 548 390 623 fortasse
409 547 586 625 Civitatis
604 554 796 641 Ansedonae
815 581 888 627 cer·
990 578 1054 650 gro
1082 550 1238 630 Senensi,
1269 549 1324 623 sed
1351 550 1494 647 qui-iem
1522 551 1560 623 in
1581 550 1758 636 vestime,
1862 622 1871 639 ,

128 650 200 724 tius
220 672 436 724 teneremus.
461 654 513 724 At
533 679 608 749 pag.
629 676 700 752 353
734 653 887 749 ejuidem
992 652 1061 724 srve
1088 650 1125 724 in
1153 649 1313 747 Aprutio
1348 651 1540 739 ulteriore,
1577 671 1684 749 atque
1723 677 1760 721 a-

128 749 306 826 Chronici
345 750 539 825 Defiderius
576 755 889 854 Langobardorum
992 752 1058 824 deo
1098 752 1136 824 in
1178 756 1301 851 Regno
1339 754 1607 849 Neapolitano.
1652 754 1762 823 falco

127 857 205 927 Rex
227 852 287 927 suo
309 854 513 951 Diplomate
533 853 548 947 (
559 854 653 953 quod
672 874 790 927 tamen
811 853 889 953 spu·
995 856 1262 926 Beneventanus
1281 850 1323 923 ad
1347 854 1492 923 Annum
1511 854 1760 925 Mcxxxut.

128 955 222 1028 rium
250 980 353 1027 nemo
391 979 461 1026 non
489 954 632 1053 videat)
661 956 802 1029 testatur
812 1004 824 1037 ,
857 953 890 1025 se
994 952 1116 1026 auiior
1134 953 1200 1041 est,
1220 953 1411 1051 Rogerium
1431 958 1561 1050 Regem
1584 953 1660 1026 suae
1683 954 1761 1026 [ub-

128 1053 321 1129 aedificasse
347 1053 576 1133 Monalim'um
610 1057 696 1128 beari
720 1058 809 1127 Petri
835 1062 891 1127 A·
994 1054 1117 1127 didiffe
1155 1054 1315 1145 potestati
1352 1053 1425 1153 post
1453 1051 1631 1127 Materam
1662 1054 1762 1124 Civi-

126 1156 238 1252 postoli
264 1158 297 1226 in
324 1157 415 1227 Valle
438 1156 603 1249 nitense,
627 1156 685 1231 cui
708 1157 746 1230 in
770 1157 889 1231 dotem
995 1177 1092 1227 tatem
1118 1157 1218 1229 aliam
1245 1154 1368 1225 nomine
1389 1156 1539 1247 Ansam.
1567 1155 1610 1228 In
1637 1152 1763 1228 eodem

130 1255 282 1345 tribuit,
309 1255 467 1353 quidquid
488 1278 544 1347 per
566 1262 672 1354 Alpes
699 1259 742 1328 (9⁶
768 1260 893 1347 Colles,
998 1253 1186 1329 Chronico
1221 1276 1457 1331 memoratum
1488 1255 1609 1330 videas
1644 1254 1765 1354 pagin.

127 1381 207 1454 quae
241 1357 395 1428 habentur
428 1355 512 1427 inter
536 1360 711 1450 Trirensem
740 1358 784 1427 O·
809 1359 892 1429 Pin·
929 1349 971 1447 Bt
1001 1378 1087 1453 355.
1125 1357 1273 1430 alterum
1302 1357 1531 1444 Monaskrium
1558 1357 1645 1429 beati
1673 1357 1765 1427 Petri

129 1457 277 1550 inensem,
313 1454 360 1536 ό*
387 1458 475 1531 intra
501 1459 724 1550 Forcunensem
749 1459 892 1530 Comita·
1000 1455 1170 1547 Apostoli,
1196 1454 1293 1538 lirum
1319 1456 1415 1556 juxta
1431 1458 1581 1553 fluvr'um
1605 1458 1764 1549 Sabbam,

127 1578 196 1628 rum
222 1562 292 1632 &e
329 1576 435 1656 etque
471 1559 563 1635 illud
598 1559 707 1634 donat
743 1561 892 1633 Vultur·
1002 1557 1158 1628 territorio
1176 1563 1423 1631 Beneuentano.
1449 1563 1507 1631 Ne
1532 1558 1600 1632 hoe
1619 1557 1766 1657 quidem

128 1657 223 1734 nense
251 1657 463 1735 Coenobio.
499 1660 799 1761 Suppofitieiurn‚
835 1660 892 1733 in·
1002 1658 1041 1733 in
1067 1656 1200 1732 Tuscia
1231 1655 1408 1757 pnfitum,
1444 1657 1505 1730 ubi
1541 1676 1658 1731 tamen
1685 1667 1765 1732 An-

129 1785 264 1857 guem,
299 1760 346 1834 est
381 1761 471 1835 illud
508 1763 709 1863 Diploma;
745 1760 893 1859 antiqua
997 1760 1160 1851 sedonaa
1195 1758 1449 1833 recentioribus
1476 1756 1540 1831 fita
1564 1756 1664 1832 fuisse
1691 1786 1765 1832 ere-

131 1879 252 1932 tamen
278 1858 399 1933 fieiio.
433 1866 482 1934 Et
510 1860 678 1961 srquidem
714 1862 755 1935 ed
785 1864 893 1935 hocce
955 1890 958 1895 ·
1002 1860 1122 1935 ditur.
1159 1857 1338 1934 Confistn:
1375 1857 1583 1934 immensam
1612 1884 1765 1957 namque
1881 1950 1888 1965 Ι

131 1956 388 2048 Monasterium
416 1958 548 2058 speeiet
575 1960 810 2061 fragmentum
846 1962 894 2035 il·
1006 1960 1272 2061 navigationem
1298 1958 1512 2060 susciperet,
1547 1959 1609 2059 qui
1636 1959 1764 2034 ltaliae

130 2057 192 2130 lud
212 2058 563 2160 Chorographicum‚
590 2064 651 2137 ubi
680 2061 815 2137 mentio
841 2061 894 2134 fa·
1007 2060 1125 2135 Urbes
1147 2060 1281 2139 excisas
1304 2081 1368 2139 eut
1390 2060 1558 2162 depressas
1582 2060 1764 2161 sigillatim

130 2157 188 2233 &a
212 2157 259 2233 est
277 2158 452 2237 Civitatis
470 2162 684 2256 Ansedonae,
707 2161 799 2240 olim
818 2160 895 2241 fue·
1008 2160 1181 2240 recensete
1207 2161 1247 2236 in
1272 2163 1431 2238 animum
1457 2161 1664 2238 induceret.
