4216 6014
287 342 370 442 665
558 325 928 415 DlSSERTATlO
973 322 1528 442 VtGrStMAQJARTA.

1726 342 1814 420 666

278 452 362 521 Non
390 444 436 518 cll
463 460 582 517 tamen
609 445 753 520 rudibus
789 442 835 518 iis
863 448 986 519 Saecu·
1029 447 1062 516 A
1108 441 1154 512 rr's
1176 443 1285 532 fueras
1310 446 1474 533 dirarum,
1512 444 1709 519 innovavit.
1748 447 1882 537 Johan·

226 546 272 620 lis
299 547 456 648 neganda
481 547 579 636 laus,
606 547 702 644 quod
729 571 854 644 nempe
880 545 986 631 Most·

226 650 284 720 vis
309 645 561 729 conficiendis,
588 675 629 722 ac
656 647 831 722 tessellato
855 649 889 722 8<
910 674 988 722 ver·

227 749 401 824 miculato
441 748 541 850 operi
564 746 847 850 diligentissime
888 748 921 825 se
956 748 990 823 se

228 853 460 927 addixerunt.
489 851 565 927 Diu
590 851 637 926 est
664 851 757 949 quod
784 850 928 927 effluxit
953 879 988 925 e-

227 953 379 1056 jusmodi
405 957 477 1028 Ars
504 981 549 1028 ex
576 954 715 1028 Italicis
741 954 924 1036 officinis,
959 953 989 1026 i·

228 1075 265 1131 ta
292 1075 332 1133 ut
357 1055 465 1130 aliam
492 1083 558 1154 ego
586 1057 718 1131 Urbem
748 1055 801 1153 (ss
839 1061 988 1130 Romam

230 1157 387 1259 excipias
426 1161 461 1233 δι
499 1156 698 1241 Venetiae,
738 1184 827 1256 quae
866 1156 990 1232 nostris

229 1258 596 1360 temporibusipsam
626 1264 754 1335 Artem
792 1276 893 1333 antea
930 1286 990 1331 ne-

1109 569 1169 616 nes
1197 544 1373 642 Septimus
1400 547 1547 622 Saeculo
1575 549 1682 620 Vlll.
1711 548 1798 624 lecit
1825 553 1879 623 Ο-

1109 645 1304 728 raterium,
1330 644 1420 738 cujus
1444 649 1581 739 parietes
1603 649 1740 733 Melius
1761 652 1879 746 depin-

1109 749 1184 822 ar'r.
1221 753 1317 825 Nam
1352 747 1413 824 sub
1438 750 1593 824 Pisistra
1616 751 1766 829 nomine
1791 753 1879 827 Mu-

1110 848 1181 925 srva
1217 877 1360 951 quoque
1385 875 1533 927 venere:
1572 880 1686 952 neque
1720 854 1877 955 injuria.

1111 957 1167 1028 At
1201 952 1279 1027 heic
1308 980 1364 1029 me
1400 957 1477 1030 Leo
1512 953 1730 1031 Marsrcanus
1764 957 1878 1031 inter·

1112 1057 1221 1156 pellat
1248 1083 1287 1130 ac
1314 1055 1419 1139 fillis,
1454 1057 1538 1132 dum
1575 1057 1728 1158 gloriam
1763 1056 1877 1130 Must-

1111 1184 1237 1231 vorum
1275 1160 1409 1233 Seculis
1450 1158 1496 1233 iis
1537 1185 1664 1257 negare
1705 1158 1876 1233 videtur.

1111 1260 1191 1358 Ipso
1218 1259 1364 1335 telleia
1391 1258 1564 1335 Chronie.
1585 1257 1765 1337 Casmens.
1792 1260 1877 1336 Lib.

229 1361 381 1463 glesiam
418 1379 651 1444 revocarunt,
686 1360 800 1435 immo
836 1359 992 1460 superati
1035 1359 1083 1450 liw
1111 1387 1146 1458 3.
1173 1365 1261 1459 Cap.
1289 1387 1349 1461 ²9·
1384 1389 1457 1435 non
1483 1390 1527 1436 ex
1557 1363 1729 1442 Romanis
1760 1361 1877 1437 offici·
1972 1447 1978 1462 ‚

228 1484 388 1537 veterum
426 1462 636 1563 diligentis,
673 1462 714 1537 ad
751 1464 892 1536 culmen
930 1487 990 1534 ve·

227 1565 373 1640 nullatis
404 1565 671 1665 perduxerunt)
697 1562 848 1639 minime
882 1563 919 1638 in
956 1561 991 1636 l-

228 1668 317 1741 talia
355 1666 567 1767 agnoscam,
610 1667 667 1741 cui
706 1664 857 1740 studium
897 1691 990 1739 nunc

228 1768 271 1843 lit
296 1771 330 1842 ἃ
357 1769 435 1843 ulus
462 1767 706 1842 Mulivorum.
734 1771 788 1840 At
807 1767 896 1841 olim
919 1772 991 1840 Ro·

229 1896 330 1952 mae,
359 1874 569 1958 Ravennae,
596 1867 818 1951 Mediolani,
845 1867 991 1960 Casini,

228 1970 379 2067 aliisque
414 1971 453 2045 in
488 1970 579 2045 locis
616 1969 723 2067 periti
758 1968 796 2043 in
833 1997 873 2044 ea
900 1974 991 2045 Arte

227 2071 390 2173 Magistri
430 2099 503 2146 nrm
541 2071 647 2174 'pauci
686 2073 1015 2167 numerabantur.

228 2175 292 2275 qui
319 2172 428 2249 etiam
459 2175 634 2276 reliquere
658 2172 792 2249 eximia
818 2172 990 2273 ejusmodi

1110 1463 1193 1548 nis,
1228 1462 1283 1537 sed
1311 1490 1355 1536 ex
1382 1463 1777 1563 Constantinopolitano
1804 1468 1877 1537 Ut·

1112 1565 1154 1637 be
1181 1562 1395 1637 Musrrarios
1423 1565 1577 1638 artifices
1606 1560 1742 1641 accivit
1778 1562 1878 1641 Deli·

1110 1664 1226 1738 decius
1254 1665 1375 1740 Abbas
1410 1662 1628 1755 Castrensis,
1664 1693 1772 1764 quum
1809 1694 1877 1742 no-

1110 1793 1175 1841 rae
1211 1766 1378 1842 Bafilicae
1405 1794 1424 1840 a
1449 1765 1484 1841 se
1518 1766 1695 1842 excitatae
1732 1768 1876 1844 circiter

1109 1872 1258 1943 Annum
1296 1872 1457 1945 MLxx.
1497 1889 1704 1945 ornamenta
1750 1869 1875 1945 addere

1110 1970 1370 2047 constituisset.
1410 1975 1465 2046 En
1506 1970 1671 2072 Ejusdem
1708 1971 1872 2046 Ostiensis

1110 2075 1216 2149 verba
1241 2073 1284 2148 de
1310 2072 1437 2174 insigni
1465 2072 1533 2148 illo
1559 2076 1727 2148 Abbate:
1766 2081 1874 2169 Lega-

1108 2197 1158 2248 tos
1183 2175 1304 2249 intereas
1327 2176 1634 2267 Constantinopolim
1659 2179 1703 2248 ad
1727 2176 1874 2249 locandos

227 2275 408 2379 pibiurae,
443 2303 463 2351 e
499 2274 744 2352 minutissimis
779 2275 904 2352 vitreis
940 2277 989 2349 la·
1031 2260 1065 2332 C
1110 2276 1224 2376 (idest
1258 2277 1532 2369 conducendos,
1568 2296 1610 2351 ut
1643 2303 1663 2351 e
1700 2270 1873 2352 Varronis

228 2377 330 2481 pillis
357 2377 448 2452 varii
477 2379 608 2453 coloris
633 2376 828 2471 conflatae,
863 2405 990 2451 monu-

229 2500 372 2556 menta.
410 2480 556 2567 Diversis
589 2481 767 2572 salaribus,
802 2480 992 2576 minutisque

230 2581 347 2655 vitreis
381 2582 529 2673 lapillis,
560 2583 657 2674 fulvo
691 2608 767 2655 auro
802 2581 993 2678 supersessis

228 2707 318 2777 spere
345 2683 509 2775 Massaka
533 2683 641 2784 (lege
668 2685 801 2776 Museo,
828 2703 889 2757 aut
909 2688 990 2755 Mu·

223 2786 333 2883 fileo)
359 2807 483 2858 ornata
516 2785 649 2860 dicitur
684 2783 835 2859 Ecclesia
863 2785 989 2885 Sipon-

229 2889 314 2967 tina·
342 2891 376 2960 S.
411 2885 582 2977 Johannis
617 2886 791 2984 Baptislae
816 2913 837 2960 a
863 2883 992 2958 Santra

230 2988 428 3066 Laurentio
464 2989 640 3085 Episcopo
674 2988 774 3060 illius
809 2985 918 3059 Urbis
954 2985 992 3059 in

231 3094 305 3192 ejus
333 3089 421 3162 Vita
447 3090 488 3161 ad
516 3089 609 3163 diem
637 3114 671 3186 7.
700 3085 882 3162 Februarii
903 3086 992 3188 apud

1108 2381 1274 2479 exemplo
1309 2377 1510 2480 discimus)
1535 2377 1673 2471 artifices
1707 2379 1873 2472 dellinar,

1105 2483 1223 2574 perires
1266 2481 1376 2580 urique
1414 2482 1450 2554 in
1489 2489 1578 2555 Arre
1616 2480 1781 2567 Mulieris
1822 2480 1870 2560 (θ’

1108 2584 1353 2677 Quadratarr'a.
1387 2589 1460 2656 Ea.
1477 2584 1591 2681 quibus
1624 2583 1776 2655 videlieet
1809 2582 1873 2656 alii

1108 2683 1252 2768 absidam
1291 2687 1336 2755 Θ·
1374 2712 1508 2765 eroum,
1551 2707 1647 2782 arque
1683 2683 1875 2771 vestibulum

1109 2785 1240 2879 majoris
1263 2785 1425 2871 Bafils‘rae
1459 2785 1593 2873 Mosrvo
1626 2807 1775 2859 cernerent
1801 2781 1876 2864 &a

1109 2886 1227 2962 Addit
1252 2884 1371 2958 infra:
1408 2894 1556 2979 Quarum
1581 2889 1720 2961 Arrium
1744 2909 1821 2959 rene
1844 2888 1876 2958 ei

1109 2983 1267 3072 destinari·
1287 2985 1465 3084 Magistri,
1490 2985 1581 3081 cujus
1602 2987 1802 3083 professionis
1821 3016 1877 3060 ers·

1103 3087 1251 3176 Jiirerint
1262 3137 1275 3169 ,
1303 3088 1338 3160 r'n
1363 3114 1467 3159 eorum
1491 3087 1536 3176 eli
1559 3088 1701 3185 operibus
1726 3086 1874 3176 exstima-

213 3191 469 3270 'Bollaadum
494 3195 541 3264 Et
561 3218 600 3265 ea
627 3190 769 3289 quidem
792 3194 899 3264 Arsa
922 3193 993 3261 Ro·
1038 3181 1072 3250 D
1111 3190 1174 3277 ri,·
1199 3217 1294 3286 quuns
1319 3188 1367 3271 (γ’
1394 3189 1428 3260 r'o
1456 3187 1592 3274 Musivo
1616 3191 1775 3262 animarat
1807 3189 1876 3279 sere

171 3352 178 3363 -.
231 3295 346 3372 manis
372 3292 462 3364 olim
498 3318 612 3365 rerum
649 3291 805 3364 dominis
841 3290 994 3388 diligen·
1110 3288 1326 3386 autamerrffe
1351 3291 1478 3387 quisque
1497 3290 1682 3387 figuratas,
1709 3293 1754 3361 θ’
1779 3317 1876 3388 quao-

231 3417 288 3473 ter
326 3393 489 3466 exculta.
529 3392 637 3490 Apud
676 3392 828 3465 Gorium
865 3391 992 3464 Virum
1110 3419 1169 3489 que
1192 3393 1336 3463 virentia
1361 3419 1499 3484 canere,
1535 3394 1579 3464 (y
1605 3393 1641 3464 r'n
1667 3394 1873 3487 marmoribus

149 3484 153 3491 ¹
233 3495 379 3576 Clariss.
415 3495 498 3568 Lib.
536 3495 640 3592 prim.
676 3496 765 3593 Cap.
799 3498 833 3568 8.
866 3490 993 3566 lnscri·
1112 3494 1312 3589 amnigendm
1346 3495 1478 3566 catarum
1504 3495 1605 3589 flores
1636 3496 1750 3592 pulcri
1781 3514 1874 3590 purat

232 3602 311 3705 prio
340 3596 546 3669 florentina
573 3596 752 3682 occurrit,
781 3594 820 3668 in
847 3622 915 3694 qua
942 3597 993 3668 le·
1110 3590 1299 3679 dioerlirare
1322 3623 1476 3670 vernare.
1503 3598 1623 3671 Habes
1651 3613 1810 3670 veterum
1832 3623 1874 3671 o·

231 3705 330 3808 gitur
357 3705 493 3772 Camers
524 3703 685 3771 OPERE
712 3701 874 3771 MVSEO
907 3723 993 3770 eaor
1115 3723 1194 3793 pera
1212 3696 1344 3772 nolitis
1371 3724 1512 3797 quoque
1547 3697 1709 3773 laudibus
1745 3697 1873 3799 digna.

233 3828 347 3881 nara.
403 3800 461 3873 Est
508 3803 542 3872 oc
593 3800 669 3898 ejus
716 3800 854 3874 mentio
903 3799 993 3897 apud
1114 3800 1259 3873 Habeto
1282 3800 1394 3872 etiam
1421 3826 1538 3872 curam
1569 3799 1738 3873 eximiam
1777 3796 1875 3871 Deli·
1921 3852 1924 3857 -
2036 3891 2038 3898 Ι

232 3907 428 4004 Scriptores
467 3901 647 3976 Historiae
690 3901 897 4006 Augustae3
938 3901 993 3976 sed
1113 3899 1203 3974 desii
1239 3899 1415 3986 Abbatis‚
1457 3898 1518 3997 qui
1555 3901 1703 3996 queniam
1737 3903 1877 3974 Arriano
1932 3918 1946 3931 ’

234 4005 456 4103 frequentior
490 4004 625 4077 Seculis
659 4003 900 4099 subsequutis.
938 4003 994 4078 Ita
1115 4001 1244 4090 illarum
1278 4000 1442 4097 ingenium
1465 4029 1489 4075 6
1512 4000 1714 4098 ‚Quingentis
1748 4002 1792 4072 θ’
1819 4003 1873 4072 ul·

234 4110 360 4186 Seculo
384 4107 450 4177 Vl.
475 4102 706 4196 Symmachus
734 4107 826 4200 Papa
848 4107 994 4178 Cantha·
1018 4091 1076 4191 ,Ε
1114 4124 1166 4175 rra
1185 4104 1260 4197 jans
1284 4106 1381 4174 annis
1405 4105 1557 4200 magistra
1583 4106 1750 4193 Latinitas
1776 4105 1876 4176 inrer-

234 4240 304 4297 runr
329 4209 415 4284 beati
440 4207 532 4276 l'etrr‘
557 4233 624 4276 rum
650 4204 886 4301 quadripertitos
911 4231 995 4278 rnor-
1115 4203 1261 4295 miserat,
1288 4206 1333 4276 θ
1355 4205 1459 4292 fludio
1479 4205 1612 4299 brojas..
1625 4205 1800 4298 inspirante
1826 4202 1874 4282 ψ’

233 4302 371 4387 moribus
404 4307 560 4388 ornavit,
595 4304 644 4384 ἴθ’
677 4334 715 4377 ex
740 4305 875 4392 Musruo
898 4334 996 4405 agnos
1114 4326 1292 4401 cooperante
1316 4312 1387 4380 Der
1420 4307 1543 4395 noliro,
1578 4306 1632 4374 boe
1666 4325 1801 4399 tempore
1824 4329 1875 4372 re·

233 4415 283 4497 &¹
307 4439 407 4487 eruces
440 4409 488 4487 (φ
521 4410 648 4500 palmas
681 4410 834 4482 ornavit.
871 4411 995 4483 Seculo
1114 4431 1258 4504 superare
1281 4408 1473 4504 promeruit,
1499 4433 1538 4477 ne
1558 4406 1638 4495 fane
1664 4407 1698 4476 ie
1725 4407 1814 4479 altra
1838 4408 1873 4476 l·

236 4521 322 4590 V'll.
354 4511 540 4590 Honorius
576 4510 824 4602 Primusl'rrr'a
855 4510 998 4597 absidam
1114 4509 1217 4584 taliae
1238 4509 1413 4604 deperires,
1441 4506 1569 4595 studuit
1592 4508 1650 4578 vie
1674 4510 1769 4578 rsriru
1792 4529 1874 4604 pro·-

236 4618 397 4700 Bafilr'cae
435 4617 544 4686 beatae
583 4615 728 4707 Agnetis
769 4640 808 4686 eae
846 4613 997 4689 Musio.
1113 4612 1262 4699 dentiae,
1293 4608 1454 4705 pleresque
1483 4613 1524 4682 de
1551 4608 1740 4697 Monasserr's'
1766 4609 1873 4700 pueris

234 4718 422 4795 Severinus
447 4713 522 4813 ejus
552 4715 720 4790 successor
743 4717 914 4786 renovavit
940 4719 996 4788 ab·
1109 4714 1287 4809 diligenter
1318 4712 1433 4804 eisdem
1456 4710 1599 4784 Artibus
1634 4711 1774 4784 erudiri.
1809 4711 1875 4807 Eia

227 4821 338 4908 sidant
374 4817 461 4890 beari
496 4817 585 4885 Perrr‘
608 4820 759 4898 Aorllolr'
782 4846 822 4889 err
845 4817 996 4900 Mufiuo.
1115 4816 1205 4889 bone
1242 4817 1346 4897 Leo,
1378 4841 1418 4886 a·
1434 4813 1707 4910 ‚Quingeneiszdur
1737 4815 1875 4907 anplius

237 4921 380 5021 Sergius
420 4916 560 4990 Primus
598 4919 802 5005 Musarum,
842 4923 924 5014 quod
961 4946 998 4988 ex
1107 4917 1210 4989 -annr's
1234 4915 1561 4991 intermissamais·
1584 4914 1807 4990 Muliror'utri
1833 4908 1873 4986 ἃ

232 5046 327 5124 parre
350 5025 386 5097 in
408 5021 516 5113 fronte
536 5019 637 5092 ..oris
660 5018 823 5108 Bafilicae
843 5024 997 5096 Salvam*
1114 5017 1423 5093 Lithoslrotusum
1448 5015 1603 5094 men?
1639 5015 1803 5190 Τωὲῗιπ-
1821 5032 1878 5088 te·

1297 5150 1300 5155 ¹
1379 5145 1526 5190 ·.;.,
1648 5142 1693 5186 ;.-;
1759 5139 1872 5190 ω,

1818 5220 1842 5260 0
1899 5252 1902 5258 .
