4216 6014
269 319 403 433 ‘itt

602 313 971 407 nrssrnrarro
1000 253 1519 424 alcrsrnartnrrnr
1592 290 1595 294 *
1740 343 1826 436 554

187 505 190 508 ,
234 437 364 534 majori
390 432 610 510 contumelia
634 435 773 513 onerari
813 435 895 537 quis
921 435 1001 536 pos·
1039 438 1075 510 Α
1116 419 1619 531 ἰιηεηήερωηίἱίῠωῦαβίϋα
1632 430 1721 509 lenta
1737 455 1883 532 torquen-

210 532 310 621 ‚set,
352 538 459 637 quim
502 561 584 612 eunt
627 539 838 639 appellando
878 546 1000 638 Arga,

235 636 342 722 idell,
369 658 410 713 ut
437 664 529 714 nunc
555 638 730 722 dicimus,
768 668 813 713 an
837 644 1000 739 pastione,

235 738 307 816 five
342 740 493 815 inertem
534 767 575 816 ac
609 741 805 816 timidum.
834 746 876 816 In
901 748 1000 844 Lege

236 848 324 943 384.
351 843 538 917 Rotltaris:
582 847 621 916 Si
662 845 735 941 qais
774 844 876 918 alium
901 853 1001 940 Arga

231 943 462 1037 pessumam
501 946 713 1025 clamaverit,
765 945 798 1020 is
836 972 1001 1021 revocare

236 1045 424 1137 iniuriosum
448 1052 579 1118 vertum
604 1047 767 1148 jubetur,
807 1044 921 1122 soluti
947 1066 1002 1122 ta-

236 1172 319 1232 tuen
347 1148 457 1242 poeni
482 1146 668 1222 duodecim
687 1147 919 1250 Solidorum3
941 1166 1002 1224 aut

233 1270 292 1342 per
313 1271 456 1344 pugnam
481 1247 643 1324 sustinere
661 1250 805 1350 cogitur
825 1250 924 1325 suum
944 1251 1001 1324 di-

1114 555 1202 624 tur,·
1225 537 1303 606 dans
1327 562 1417 610 arem
1443 539 1651 633 quotidianae
1669 539 1807 635 capitam
1827 560 1909 606 ae·-

1114 663 1163 709 ees
1187 636 1356 734 dirigant,
1393 638 1487 711 Urbis
1521 665 1608 709 omna
1639 640 1812 731 pomerium
1833 635 1884 723 fi-

1116 742 1253 814 matam
1278 740 1493 835 congressionis
1517 740 1689 813 atteritur.
1724 739 1814 837 ,Agit
1833 737 1883 831 fi-

1112 867 1199 941 gara
1223 845 1452 932 certaminum,
1492 868 1531 912 ne
1555 868 1624 912 cam
1647 843 1784 937 periculo
1808 865 1883 912 erere

1117 945 1308 1027 nascantur.
1337 943 1440 1016 Paria
1466 968 1485 1016 e
1511 940 1733 1016 Calfiodorio
1752 937 1881 1014 asserti

1118 1044 1272 1141 possent.
1311 1048 1436 1141 Neque
1470 1043 1577 1117 aliter
1616 1041 1720 1141 egisle
1750 1048 1883 1115 Roma-

1118 1170 1182 1218 nos
1209 1171 1324 1219 rerum
1351 1146 1539 1237 dominos,
1575 1163 1615 1218 ut
1643 1144 1778 1218 milites
1803 1141 1882 1217 suos

1117 1248 1160 1328 ad
1190 1246 1322 1348 proelia
1350 1266 1485 1321 mature
1511 1246 1712 1336 erudirent,
1751 1245 1882 1344 Vergi-

235 1347 332 1425 &um
353 1368 414 1424 aut
431 1349 678 1426 dicacitatem.
706 1349 878 1452 Appolrte
898 1353 1002 1425 Paul·
1043 1362 1073 1433 Β
1117 1349 1209 1439 lius,
1235 1348 1423 1447 josephus,
1451 1349 1581 1439 Silius,
1610 1345 1772 1430 Plinius,
1796 1346 1882 1421 alii·

235 1452 291 1527 lus
317 1451 533 1527 Warnelridi
561 1453 644 1528 Lib.
669 1456 705 1530 6.
730 1456 819 1542 Cap.
841 1477 900 1549 24
922 1480 1002 1527 nar-

234 1573 312 1634 rat,
334 1553 529 1653 Argaidum
550 1554 667 1628 virum
688 1553 882 1643 illustrem,
906 1555 1000 1651 qubd

235 1679 256 1730 a
301 1654 467 1729 Perdulso
519 1659 617 1729 Duce
663 1663 764 1751 ,Arga
803 1657 1015 1756 appellatus¹

235 1753 375 1839 suisset,
408 1754 448 1831 dt
474 1755 679 1830 convicium
707 1756 797 1831 serre
823 1784 894 1831 non
923 1756 999 1856 pol·

235 1856 309 1939 set,
348 1858 387 1928 in
428 1857 563 1930 medios
604 1857 713 1932 hostes
760 1859 917 1940 irruisse,
960 1879 1001 1933 ut

236 1979 354 2032 morte
379 1954 438 2031 sua
465 1957 612 2040 dedecus
639 1956 741 2033 srbia
767 1958 933 2061 Principe
953 1961 998 2035 il·

232 2060 347 2134 latum
374 2059 528 2133 elueret.
571 2059 666 2134 ldem
696 2085 901 2159 quoquam
929 2065 999 2138 Le·

232 2185 277 2280 ge
303 2158 418 2233 Salica
458 2158 559 2234 fuisse
599 2161 829 2235 constitutum
865 2161 998 2236 ostendi

1117 1473 1186 1547 que
1212 1469 1346 1523 veteres
1372 1451 1564 1525 memoriae
1591 1448 1798 1549 prodidere.
1823 1447 1883 1521 si-

1116 1552 1256 1624 mulacra
1281 1553 1430 1622 bellorum
1456 1580 1548 1648 agere
1572 1551 1801 1642 dicebantur,
1837 1565 1881 1624 ut

1115 1649 1221 1724 habet
1246 1649 1360 1743 Iulius
1384 1650 1617 1753 Capitolinus
1645 1655 1681 1727 in
1702 1650 1882 1726 Maximi-

1114 1777 1183 1827 no.
1211 1757 1305 1827 Vide
1331 1750 1370 1826 ἃ
1397 1756 1610 1855 Vegetium.
1646 1755 1702 1830 Ita
1735 1771 1778 1825 ut
1813 1747 1878 1849 qui
1970 1848 1971 1852 Ἰ

1115 1854 1188 1952 post
1224 1860 1370 1928 Annum
1408 1856 1539 1930 Christi
1580 1855 1813 1930 Msllelimnm
1841 1879 1882 1925 e·

1115 1955 1261 2031 mersere
1296 1955 1402 2049 Ludi,
1432 1960 1637 2047 militares,
1679 1951 1880 2032 Hasliludia

1116 2055 1286 2132 videlicet
1335 2085 1374 2131 ac
1415 2063 1677 2135 Torneamenta
1697 2110 1710 2143 ,
1762 2058 1879 2157 semen

1115 2157 1212 2231 suum
1239 2185 1280 2235 ac
1306 2158 1498 2260 imaginem
1526 2162 1565 2235 in
1591 2161 1687 2237 finis
1715 2161 1760 2237 iis
1784 2155 1881 2232 anti·

230 2286 271 2339 tn
310 2260 418 2336 Notis
458 2263 501 2335 ad
530 2265 697 2335 'eamdem
735 2262 901 2338 Rothatis
928 2267 997 2340 Le·
1041 2268 1072 2339 C
1113 2286 1262 2356 quorum
1292 2261 1544 2338 certaminibus
1571 2264 1742 2338 habeant.
1785 2257 1880 2333 Vide

231 2386 332 2465 gem.
361 2363 627 2438 intolerandum
646 2390 773 2464 nempe
792 2363 997 2438 convicium

232 2465 366 2567 pariter
392 2465 482 2560 apud
504 2470 656 2539 Francos
680 2465 772 2557 suit,
802 2467 917 2540 tirum
938 2494 997 2567 apr

278 2568 365 2639 llere
401 2572 568 2662 Leporem,
611 2567 677 2641 hoc
716 2567 789 2655 est,
830 2567 998 2643 timidum

261 2694 304 2741 ve
343 2664 528 2764 fugacem.
575 2671 679 2743 Tune
726 2695 812 2770 ergo
853 2672 999 2761 Populis

229 2767 398 2844 omnibus
424 2793 444 2842 e
470 2773 750 2868 Septemtrione‚
778 2772 815 2843 in
843 2796 936 2847 nova
955 2774 998 2847 ad

230 2870 425 2946 Meridiem
454 2870 517 2946 fita
543 2899 649 2972 regna
697 2871 888 2971 prolapsis,
938 2901 999 2971 par

230 2970 303 3048 suit
329 2971 478 3047 studium
493 3022 505 3056 ,
542 3000 638 3047 arma
664 2973 841 3064 traiiare,
876 2974 915 3047 in
943 2975 997 3048 bis

231 3074 302 3151 lese
327 3100 508 3157 exercere,
534 3101 643 3174 equos
670 3074 831 3176 agitare,
866 3073 996 3166 hastas,

1113 2358 1204 2434 insta
1244 2363 1529 2439 Dissertationem
1568 2369 1699 2440 xxlx.
1733 2368 1774 2437 de
1797 2368 1881 2458 Spe-r

1112 2459 1267 2537 sinesiis.
1307 2468 1429 2560 Quum
1475 2470 1561 2542 verb
1602 2466 1674 2568 post
1708 2466 1879 2540 Barbaros

1115 2563 1220 2637 stalli
1246 2568 1381 2665 potitos
1415 2567 1618 2643 Literarum
1661 2569 1770 2643 lludia
1796 2573 1876 2639 lan·

1110 2690 1215 2763 guere
1240 2693 1281 2740 ac
1307 2667 1459 2767 deprimi
1486 2668 1690 2770 coeperint,
1730 2695 1770 2743 ae
1793 2666 1879 2741 diu·

1110 2765 1262 2850 tissime,
1290 2768 1492 2866 praesertim
1512 2771 1603 2871 apud
1620 2773 1729 2846 Italos
1752 2770 1791 2845 in
1811 2768 1880 2844 ltu·

1112 2868 1191 2940 mili
1228 2867 1360 2942 suerint
1395 2872 1505 2944 loco:
1542 2872 1652 2947 liceat
1691 2870 1810 2956 milti,
1833 2888 1878 2948 ut

1111 2967 1284 3058 arbitror,
1311 2969 1458 3069 reliquis
1479 2970 1568 3045 hanc
1591 2972 1701 3046 etiarn
1722 2977 1875 3048 cautam

1110 3067 1234 3143 addere
1261 3069 1462 3171 neglestae,
1487 3071 1601 3146 immo
1628 3071 1785 3171 abjesiae
1809 3072 1877 3149 Li·

230 3177 368 3278 jacula‚
396 3181 431 3249 dc
452 3175 596 3275 sagittas
616 3178 804 3267 emittere,
831 3178 996 3271 clypeum
1043 3179 1075 3246 D
1110 3186 1303 3245 teraturae.
1330 3171 1514 3245 Nimirum
1542 3173 1579 3247 in
1608 3199 1716 3247 armis
1739 3199 1782 3246 ac
1805 3172 1877 3248 mi·

231 3282 275 3352 ad
302 3303 425 3351 omnes
453 3275 544 3349 iiius
578 3277 730 3364 offerre,
766 3275 998 3371 cuniiisque,

231 3378 333 3454 brevi
373 3376 517 3455 dicam,
558 3375 750 3451 insultibus
786 3375 997 3471 assuescere,

230 3477 295 3578 qui
323 3496 399 3549 tum
426 3477 464 3550 in
492 3474 657 3576 fingulari
677 3475 893 3570 certamine,
919 3495 995 3554 turn

227 3579 286 3757 {pe
311 3577 798 3756 sb1559·bb⁶l¹i·b³⁶fidi,oe·
834 3581 996 3756 pollent.

229 3781 330 3859 sse
347 3706 564 3865 istst.
589 3707 827 3859 :nstitit
843 3708 996 3866 fiii?

228 3886 302 3962 tiae
328 3911 457 3957 nomen
484 3884 565 3958 dare
591 3911 811 3986 nequaquam
839 3885 996 3960 flueban-

228 4004 307 4064 tur.
333 3985 830 4062 Theodericum'Gomorum
860 3991 993 4086 Regem

1111 3270 1271 3345 litarium
1298 3298 1413 3346 rerum
1440 3299 1560 3348 amore
1586 3276 1620 3347 dc
1646 3277 1710 3349 usu
1740 3272 1877 3375 praeci·

1112 3397 1179 3464 pua
1214 3373 1418 3448 nobilitatis
1458 3376 1492 3447 tc
1547 3375 1692 3452 honoris
1740 3375 1877 3452 summa

1111 3490 1196 3547 tunc
1214 3473 1445 3550 statuebatur.
1466 3479 1512 3550 Et
1533 3478 1874 3580 praeterquamquod

1111 3573 1255 3651 Literae
1281 3575 1544 3655 Monachorum
1572 3582 1693 3682 potius
1724 3585 1758 3656 ta
1784 3578 1879 3670 Cra,

1109 3674 1287 3761 cicorum,
1315 3681 1431 3779 quim*
1466 3683 1683 3759 secularium
1713 3683 1875 3760 virorum

1109 3775 1280 3855 institutis
1316 3808 1491 3880 congruae
1527 3785 1781 3878 credebantur,
1810 3784 1875 3862 sibi

1107 3879 1218 3956 etiam
1247 3883 1390 3955 Barbari
1418 3881 1687 3979 persuadebant,
1729 3914 1790 3988 per
1815 3913 1874 3963 eas

1108 3980 1262 4056 nimium
1288 3981 1447 4057 emolliri
1483 3981 1670 4063 hominum
1709 3988 1872 4090 priiora,

227 4091 269 4166 ed
294 4086 403 4163 e‘tiam
430 4086 473 4159 de
512 4083 629 4158 caussl
668 4087 894 4160 commendat
921 4091 994 4161 En·
1036 4079 1067 4150 E
1106 4083 1141 4155 δι
1170 4080 1298 4157 auserri
1325 4082 1467 4159 illarum
1496 4090 1712 4166 commercio
1745 4093 1873 4169 durum

228 4189 358 4267 nodius
393 4187 433 4263 in
474 4185 722 4286 Panegyrico,
761 4186 856 4284 quod
898 4186 993 4285 pacis

227 4307 388 4393 tempore
415 4290 542 4390 pubem
569 4288 783 4363 indomitam
809 4288 872 4364 sub
906 4316 993 4365 ocu-

227 4395 274 4470 lis
335 4392 404 4470 suis
457 4390 587 4467 faceret
635 4392 729 4466 bella
777 4391 990 4489 proludere.

227 4498 374 4582 Adbuc,
414 4493 563 4594 inquit,
603 4512 732 4567 manent
770 4492 992 4585 insoliditate

227 4596 380 4668 visiricia
404 4597 557 4689 agmina,
597 4594 645 4674 (γ’
685 4595 756 4670 alia
792 4593 863 4687 sant
888 4622 992 4670 creve-

229 4715 332 4768 tttnt.
372 4702 541 4768 Darantar
578 4698 689 4770 lacerti
713 4698 905 4794 misfilibas,
948 4701 993 4770 θ

229 4797 365 4893 implent
381 4795 534 4866 astionem
547 4794 701 4887 sentiam,
724 4803 802 4871 dum
821 4800 991 4896 secantur.

159 4932 163 4939 1
228 4893 359 4995 Agitur
397 4896 467 4967 vice
494 4894 694 4993 spessaeuli,
729 4906 813 4995 qud
845 4902 991 5001 seqaaerrti

228 5021 360 5097 tempore
382 4995 499 5097 poterit
530 4996 616 5092 satis
641 4996 699 5099 esse
721 5002 861 5076 umeri.
900 5009 990 5081 Dant

1106 4181 1264 4259 illud&
1291 4184 1471 4281 asperum,
1509 4191 1604 4289 quod
1631 4192 1772 4291 exigere
1798 4191 1871 4268 sor-

1106 4282 1226 4360 titudo
1244 4287 1374 4363 bellica
1395 4291 1619 4366 credebatur:
1642 4294 1870 4387 Theodericus,

1105 4386 1306 4463 Gothorum
1331 4392 1368 4470 ,ἀ
1398 4391 1522 4464 Italiae
1558 4397 1660 4481 Rex,
1688 4395 1872 4469 inliteratrrt

1104 4511 1173 4564 erat
1198 4489 1213 4590 (
1238 4491 1291 4565 ait
1317 4496 1529 4587 Anonymus
1557 4492 1759 4577 Valefianus
1785 4499 1799 4596 )
1827 4499 1872 4570 sl·

1096 4591 1145 4679 fic
1169 4590 1279 4666 abaco
1298 4594 1413 4685 sensu,
1438 4613 1476 4664 at
1501 4595 1545 4695 in,
1562 4599 1663 4670 deeem
1682 4628 1780 4673 annas
1802 4608 1870 4675 Re-

1098 4695 1162 4791 gni
1180 4696 1236 4788 sui
1259 4718 1393 4793 maruan
1409 4697 1521 4770 literas
1540 4699 1780 4799 subscriptionis
1798 4706 1870 4778 edi-

1102 4795 1148 4866 tta·
1165 4797 1223 4889 sai
1245 4798 1360 4887 discere
1384 4799 1568 4874 nuliatenus
1603 4804 1773 4902 petuiffet.
1817 4812 1868 4881 De

1101 4924 1165 4995 qua
1190 4901 1404 4974 salaminam
1428 4931 1555 4978 auream
1585 4904 1679 5000 suffit
1705 4903 1871 4991 interrast'a
1969 4908 1972 4912 ’
2051 4920 2061 4935 “

1099 5003 1162 5074 sear
1177 4999 1280 5094 fieri,
1319 5024 1452 5098 quatuor
1475 5007 1586 5079 literas
1618 5008 1722 5104 Regis
1746 5007 1875 5087 baissert

1708 5167 1709 5170 =
1751 5127 1815 5186 im
