4216 6014
275 285 363 394 '439

554 280 990 407 aurinum.
1028 280 1285 372 nuum
1326 285 1527 376 Auri

1706 320 1798 406 440

216 388 396 470 indidisse
421 404 497 488 xt.
516 400 698 481 Habemus
735 404 814 480 heic
841 415 978 477 Arm
1019 406 1054 477 A
1094 408 1135 472 de
1155 402 1331 501 Episcopo
1345 404 1759 482 MutinenliGsallenum
1777 410 1863 486 suc·

215 494 289 570 XV.
319 501 463 602 lmperii
495 507 675 582 Ludovici
713 509 757 578 ΙΙ.
795 507 975 579 Habemus

216 618 359 697 quoque
395 633 525 684 annum
568 606 727 683 eumdem
768 604 806 678 in
842 605 975 679 Charta

214 719 327 794 nuper
365 707 490 808 editd;
536 707 593 781 sed
632 707 711 780 heic
745 705 973 807 conjunblum

216 825 299 877 cum
328 809 505 880 indiffinite
530 811 588 880 Xl.
615 805 693 880 illic
714 831 792 881 cum
820 806 974 879 iudidio

215 929 257 975 ne
281 909 534 988 tertiadecima,
571 908 623 982 ita
659 927 699 982 ut
735 909 900 981 mendum
936 908 973 980 in

216 1005 421 1080 alterutram
449 1035 492 1082 ex
521 1007 615 1082 hisce
640 1009 784 1085 Chattis
810 1007 975 1107 irrepfilie

216 1104 402 1182 videatur.
440 1112 573 1183 Verhm
613 1110 785 1184 discordia
823 1109 912 1200 ista,
952 1108 976 1181 fi

216 1227 260 1277 ex
287 1205 443 1286 diversae
479 1211 642 1311 Epoehae
678 1211 738 1284 usu
764 1237 805 1285 ac
839 1210 979 1285 diverso

1093 501 1861 609 ceffilieAnnoDCCCLlllV.velDCCC-

1093 608 1209 680 LxV.
1230 607 1267 681 Si
1288 609 1425 682 tabulas
1443 608 1508 682 inh
1535 609 1589 683 nis
1611 611 1763 686 Archivi
1781 615 1859 688 Ca-

1093 709 1302 784 nonicorum
1339 636 1595 784 Mutinenhum
1624 712 1862 815 Sillingardus

1092 806 1316 907 diligentiori
1362 812 1443 884 curi
1491 809 1719 905 excubium,
1763 814 1863 914 quod

1091 908 1184 979 dunc
1229 908 1550 1004 deprehendimus,
1594 912 1774 989 didiciuet
1818 913 1862 994 ὅ(

1092 1005 1188 1103 ipse.
1230 1011 1378 1084 Scilicet
1417 1011 1469 1084 ibi
1510 1011 1648 1089 Charta
1687 1017 1863 1116 legitur,

1093 1105 1219 1205 scripta
1243 1119 1348 1183 Anao
1382 1117 1503 1186 XXVI.
1540 1117 1701 1187 ludovici
1736 1119 1863 1215 Magni

1097 1213 1294 1299 Imperatoris
1320 1212 1383 1308 (δι
1421 1212 1519 1304 supra
1545 1240 1565 1287 a
1593 1239 1649 1287 me
1684 1215 1780 1290 edita
1819 1219 1863 1294 in

215 1304 432 1384 Indiblionis
452 1312 620 1395 exordio,
640 1333 679 1386 ut
697 1312 877 1408 conjicio,
899 1338 981 1410 pro·
1018 1308 1047 1377 B
1099 1311 1349 1386 Dillertatione
1386 1316 1484 1386 lllli.
1518 1317 1559 1386 de
1593 1316 1758 1390 Hominib.
1795 1320 1862 1389 Li-

214 1405 309 1480 lebia
335 1409 406 1498 est,
433 1410 538 1488 facile
564 1417 738 1488 tollatur.
768 1417 809 1484 ln
834 1414 981 1486 Wardc-

217 1505 366 1586 hallensi
392 1511 529 1590 Charta
555 1541 649 1590 nunc
676 1512 868 1613 prodobio,
903 1517 981 1585 An-

171 1655 185 1677 κ
216 1608 256 1685 ni
285 1615 431 1711 Imperii
461 1617 638 1690 Lucovici
670 1619 714 1688 ll.
739 1611 883 1689 dedubli
909 1613 984 1689 fue-

215 1709 292 1788 rint
332 1717 376 1788 ab
413 1719 523 1789 Anno
561 1721 741 1790 Romanae
781 1718 983 1789 coronatio-

217 1813 302 1906 nis,
328 1813 396 1890 boc
422 1816 539 1892 eliab
566 1821 675 1892 Anno
704 1821 885 1893 DCCCL.
912 1845 984 1916 quo

217 1912 424 1992 decurrente
464 1918 589 1995 Mense
631 1920 829 1994 Novembri
870 1919 983 1992 adhuc

218 2013 400 2094 decurrere
426 2020 545 2118 potuit
571 2021 710 2093 mitio
733 2021 985 2094 Tmiadecima.

221 2122 311 2195 Non
352 2121 477 2204 enim,
517 2143 556 2197 ut
595 2124 723 2224 Pagius
761 2119 905 2212 censet,
943 2147 986 2194 eo

211 2222 346 2296 Seculo
381 2251 475 2298 nova
503 2224 661 2299 [mittio
690 2222 821 2320 ubique
846 2223 885 2296 in
907 2249 986 2296 cur·

52 2409 56 2415 Ι
216 2320 258 2401 su
283 2324 350 2400 effe
377 2325 575 2426 incipiebat
611 2326 736 2401 Mense
763 2323 986 2424 Septembri.

79 3547 83 3556 '
223 3536 461 3628 Septembris:
500 3560 540 3606 ac
577 3536 727 3629 proinde
754 3534 989 3630 Privilegium

61 4765 65 4771 ’
224 4782 294 4859 geo
327 4762 500 4854 lmperaeer
526 4761 694 4857 Augustas
718 4789 740 4833 a
767 4768 840 4835 Deo
866 4786 993 4834 coma·

36 5340 162 5656 Ἰ

217 2427 343 2524 Atque
379 2429 467 2502 adeo
500 2428 672 2504 Chartam
708 2428 798 2501 hanc
834 2424 986 2523 speblare

222 2524 381 2603 dicemus
399 2529 441 2602 ad
462 2534 609 2603 Annum
632 2531 883 2603 DCCCLXV.
902 2527 985 2601 dum

220 2646 359 2700 certum
399 2628 478 2710 fit,
523 2627 618 2726 quod
662 2627 789 2727 Pagina
830 2627 987 2718 statuit,

1097 1411 1210 1510 beris)
1244 1414 1284 1486 in
1325 1441 1394 1512 qua
1433 1415 1526 1488 idem
1563 1417 1746 1513 Walpemu
1785 1416 1861 1493 five

1097 1514 1291 1609 Guaelpmus
1334 1516 1506 1612 Episcopus
1547 1517 1740 1604 Mutinenfis
1777 1518 1860 1593 cui-

1098 1614 1178 1687 dam
1205 1616 1357 1705 Johanni
1381 1637 1487 1697 terras
1511 1617 1681 1694 Ecclesiae
1704 1616 1785 1693 luae
1811 1617 1858 1690 fi-

1100 1734 1153 1788 tas
1168 1716 1207 1789 in
1221 1714 1428 1809 Collegaria
1442 1720 1480 1792 in
1496 1718 1749 1814 emphyteusim
1770 1745 1861 1790 con-

1099 1814 1221 1888 cedit.
1247 1817 1305 1889 Eli
1330 1819 1362 1890 is
1389 1823 1515 1891 Annus
1540 1815 1674 1892 Christi
1702 1820 1867 1891 DCCC-

1103 1919 1236 1990 thx.
1275 1914 1463 1988 secundum
1505 1915 1687 2012 Epocham
1738 1915 1867 1992 Italici

1104 2016 1241 2116 Regni.
1269 2016 1500 2090 Succellorem
1529 2015 1653 2089 habuit
1670 2017 1866 2089 cadom

1099 2118 1318 2207 murinum,
1353 2116 1415 2215 qui
1444 2145 1464 2192 a
1490 2116 1709 2217 Sillingardo
1735 2113 1775 2192 &
1803 2114 1863 2191 U·

1097 2215 1232 2317 ghellio
1271 2220 1469 2291 Leodeindus
1504 2222 1723 2317 appellatur,
1757 2218 1856 2316 cujus

1097 2318 1207 2393 etiam
1247 2317 1420 2394 Chartam
1464 2319 1619 2419 proferre
1652 2320 1772 2420 jurat,
1806 2339 1853 2391 ex
1905 2365 1908 2369 -

1097 2422 1220 2494 eodem
1234 2418 1502 2496 Canonicorum
1519 2416 1771 2495 Mutinenlium
1784 2421 1856 2492 he·

1099 2522 1207 2595 chivo
1233 2523 1481 2622 depromtam,
1507 2522 1570 2598 ubi
1597 2523 1672 2623 ejus
1697 2519 1863 2615 archety-

1100 2649 1182 2721 pum
1209 2622 1429 2698 adservatur.
1470 2628 1553 2696 lnde
1588 2623 1697 2699 etiam
1734 2619 1864 2723 colligi

1099 2723 1208 2823 potest
1256 2724 1347 2799 ritus
1391 2722 1582 2826 profitendi
1628 2722 1863 2815 Natiouem,

1098 2852 1202 2922 quem
1231 2826 1300 2924 jam
1328 2853 1372 2900 ex
1401 2825 1621 2926 praecedenti
1646 2825 1785 2902 Charta
1807 2824 1864 2900 di·

1099 2926 1278 3001 dicimus.
1313 2927 1460 3002 Scilicet
1495 2928 1532 3001 iu
1561 2930 1626 3002 hac
1652 2930 1763 3002 altera
1788 2951 1864 3003 me-

1028 3077 1063 3146 ⁰
1099 3028 1866 3207 llll?llltnillllt‘td‘llt

1102 3249 1198 3314 tam.
1224 3257 1303 3326 quet
1324 3231 1392 3322 fuit
1416 3229 1532 3321 coniux
1555 3233 1727 3306 Amas
1751 3230 1864 3304 Ceni-

1101 3333 1145 3403 u's
1170 3358 1341 3428 exgenere
1366 3337 1585 3410 Francorum.
1623 3337 1733 3410 Hunc
1763 3326 1865 3410 luiffe

1102 3434 1285 3508 Comitem
1327 3433 1596 3517 Mutinensem,
1635 3433 1777 3536 opinari
1815 3435 1866 3510 li·

1102 3552 1206 3606 ceat.
1242 3533 1327 3631 Ejus
1353 3554 1471 3610 autem
1500 3536 1673 3614 Natiouis
1701 3535 1783 3612 ideo
1808 3533 1862 3610 fa*

1102 3631 1160 3705 &a
1187 3629 1327 3708 videtur
1354 3637 1517 3720 mentio,
1542 3656 1587 3712 ut
1609 3633 1857 3740 dignoscatur,

1103 3760 1173 3832 qua
1197 3738 1294 3837 Lege
1320 3736 1394 3838 ejus
1417 3765 1560 3841 quoque
1577 3765 1669 3817 uxor
1684 3754 1858 3814 uterenu.

219 2728 382 2801 eumdem
411 2729 610 2828 Augustum
647 2734 780 2803 Romae
817 2752 983 2800 coronam

218 2828 387 2924 atcepill'e
413 2827 473 2903 die
501 2828 647 2904 secundi
676 2829 880 2903 Decembris
905 2833 983 2901 An·

218 2929 260 3004 ni
291 2932 470 3006 DCCCL.
495 2935 550 3005 At
575 2930 794 3029 Diplomatis
818 2958 838 3004 a
861 2927 985 3004 Sillin·

218 3029 332 3132 gardo
356 3029 396 3107 ἃ
424 3031 602 3131 Ughellio
628 3032 719 3108 editi
756 3030 900 3133 Epocha
926 3030 987 3103 de-

221 3131 381 3208 ducenda
421 3134 563 3210 videtur
598 3135 641 3209 ah
678 3139 789 3209 Anno
835 3134 987 3208 DCCC·

220 3236 357 3312 xutx.
384 3263 457 3336 quo
484 3234 691 3314 Ludovicus
727 3236 776 3313 11.
803 3263 823 3309 a
850 3233 987 3311 Lotha·

223 3338 282 3413 rio
308 3338 468 3438 Augusto
493 3357 636 3436 parente
663 3343 725 3412 luo
751 3335 891 3410 consors
917 3335 991 3410 lm·

223 3436 317 3535 perii
343 3436 565 3511 renuntiatus
590 3437 638 3510 est
663 3456 746 3510 ante
768 3437 863 3509 diem
894 3439 990 3510 xltt.

225 3632 318 3709 illud
334 3632 454 3704 datum
470 3628 579 3704 fuerit
592 3635 702 3706 Anno
718 3634 991 3708 DCCCLlllll.

225 3728 422 3808 dummodo
448 3731 588 3805 latinio
617 3738 677 3809 Xl.
707 3733 885 3833 integrum
912 3736 991 3806 An-

224 3859 314 3915 num
340 3831 493 3910 rexerit.
520 3838 640 3934 Quare
665 3836 855 3920 habemus,
886 3835 991 3910 Emi·
1074 3817 1083 3914 Ι

226 4069 454 4166 teutonus
483 4071 693 4187 Epttcopus
723 4075 960 4166 Mutinenus
991 4071 1238 4191 Adetburgae
1278 4052 1618 4179 u001.r‚·0um
1651 4069 1860 4165 uuonan

416 4191 591 4282 Comith
621 4189 818 4301 Coniugi,
847 4195 1208 4308 in'emphyteulim
1239 4196 1421 4284 concedit
1444 4194 1678 4287 Oratosinm
1789 4300 1792 4305 ⁴
1842 4276 1845 4281 .

690 4308 851 4409 saum
882 4311 1097 4428 Deliderfi,
1124 4322 1248 4400 Anno
1279 4319 1379 4428 876.
1520 4354 1527 4367 ·

279 4563 318 4630 N
339 4562 465 4635 smine
490 4561 622 4636 mini
639 4557 737 4649 sostei
751 4556 834 4651 Μαι
852 4556 991 4646 christi.

304 4663 482 4754 imperasse
509 4671 631 4738 Me
656 4663 754 4750 selles
779 4660 900 4736 tarot·
923 4687 990 4733 ma·

1028 4565 1061 4636 E
1103 4556 1233 4630 Placuit
1265 4560 1371 4657 adque
1402 4562 1550 4636 comete
1570 4559 1665 4634 'lm
1697 4561 1871 4634 Domnus

1103 4657 1309 4736 Leudoinus
1340 4665 1452 4758 gratia
1480 4666 1556 4738 Dei.
1577 4658 1788 4739 Mutinenfis
1814 4661 1874 4734 E-

1104 4759 1288 4858 piscopus,
1323 4791 1377 4835 nec
1410 4793 1472 4837 son
1502 4768 1564 4858 [ed
1584 4767 1685 4842 etan·
1708 4762 1755 4845 &¹
1783 4761 1877 4833 inm

1105 4863 1307 4964 Adelbnrga
1328 4866 1397 4941 Dei
1418 4867 1590 4952 Ancilla,
1603 4865 1668 4970 qui
1681 4863 1752 4940 fuit
1765 4865 1871 4940 con·

1104 4964 1169 5067 iux
1182 4968 1373 5048 Anterami
1391 4969 1544 5050 Comite
1551 4996 1599 5047 ex
1611 4993 1740 5073 genere
1758 4969 1870 5040 Fran·

1674 5091 1819 5160 tommo

227 4880 282 4954 so,
308 4865 413 4934 Anno
442 4862 570 4954 imperii
593 4858 663 4954 ejus
687 4861 823 4951 trimos
842 4865 905 4963 die*
918 4867 992 4939 ΧΠ.

230 4966 278 5062 ὃς.
304 4961 420 5061 Mense
444 4960 579 5060 lesio,
607 4981 666 5062 pst
697 4961 841 5039 tuidi·
871 4970 994 5042 Neue.
