4216 6014
204 342 258 428 ς,
556 276 924 403 urssuurerro
954 312 1373 401 uroruauouu.
1672 322 1724 428 se

139 431 314 528 discarigat
335 432 431 523 suurn
455 433 596 517 bevere,
623 461 683 504 non
703 436 816 528 solvar
842 434 906 506 Re'-
948 437 983 507 A
1014 429 1135 522 sullis.
1163 436 1200 503 ln
1226 438 1328 503 eaden
1355 427 1531 518 Millesirne
1555 428 1600 501 O·
1627 430 1788 502 ludlslr'u

24 606 27 611 ,
134 532 279 622 patirum
301 534 360 622 sed
385 533 672 609 Stazonaticum.
709 540 788 608 Item
824 540 908 631 quod
939 537 944 593 ἶ

137 657 205 704 nna
230 637 339 704 Statio
365 634 435 727 sar
466 656 524 726 pro
548 636 703 708 Riuariis
744 638 779 708 in
815 638 905 728 soro,

33 734 39 741 ’
139 732 198 804 ubi
223 736 370 806 Nuntius
398 736 531 810 Domini
557 743 687 828 Papae,
724 740 767 807 θ
794 741 907 812 Riva⁴

141 832 185 903 rii
206 833 330 920 satiant
357 840 507 908 rationem
530 857 598 909 tam
621 836 792 925 forensibus
810 845 906 938 quim

54 967 56 971 ’
143 933 308 1007 Civibus:
343 935 390 1015 &¹
408 939 527 1008 nullus
552 944 584 1028 J
585 941 666 1008 uslere
685 940 721 1029 se
747 943 906 1012 intromit-

141 1054 212 1116 tat,
253 1035 316 1121 nisi
349 1061 408 1129 pro
448 1039 585 1111 Domina
625 1047 717 1133 Papa
756 1040 804 1118 (φ
830 1041 907 1134 ipsis

141 1135 315 1210 Riuariis.
343 1143 422 1211 Item
443 1140 575 1229 placet,
617 1142 700 1236 quod
732 1143 832 1214 omnis
853 1144 905 1234 so-

139 1235 264 1324 rensis,
289 1239 347 1334 qui
372 1243 495 1311 ueneris
522 1244 703 1312 Ferrariam
725 1269 793 1313 tum
811 1271 907 1326 avere

137 1454 196 1527 pro
221 1440 398 1534 quindecim
416 1443 527 1514 diebus
544 1462 620 1515 ante
640 1442 769 1535 sorum,
795 1444 841 1524 όν
861 1449 907 1519 ad

135 1535 243 1628 sorum
274 1540 400 1628 steterit
437 1570 505 1614 eum
544 1543 610 1638 ipsu
634 1545 775 1632 havere,
821 1548 906 1617 nibil

133 1637 249 1731 soluat
270 1664 328 1738 pro
366 1645 519 1736 Ripatico
527 1671 549 1732 ,·
582 1643 631 1722 (θ’
664 1649 747 1742 quod
771 1649 906 1743 quilibet

137 1742 231 1835 peffie
257 1747 391 1816 recedere
415 1775 436 1816 a
462 1745 605 1818 mereatis
635 1746 707 1832 sine
732 1749 905 1844 Riparica,

135 1844 187 1908 ’θ’
205 1840 277 1925 sine
296 1843 408 1934 figillo
442 1848 671 1918 Rivariorum.
706 1853 787 1919 item
825 1852 908 1944 quud

142 1941 183 2012 de
201 1941 399 2036 lignamine,
425 1946 611 2035 lapidibus,
634 1945 786 2035 mafinis,
805 1947 909 2020 blava

143 2038 196 2120 ό*
227 2044 306 2112 vino
341 2069 401 2113 non
436 2044 599 2130 aus-ratur
633 2047 820 2140 Ripasicum
851 2069 909 2144 pru

136 2138 229 2233 sema
253 2144 310 2211 vel
334 2170 439 2228 carro,
461 2144 522 2232 sed
547 2144 704 2218 solvatur
730 2146 771 2220 dc
798 2146 908 2220 fundo

1022 561 1085 620 ne,
1110 533 1164 604 die
1181 531 1284 623 savis
1310 538 1385 605 ΧΠ.
1413 535 1553 604 intrante
1572 531 1719 612 oberei,
1747 532 1791 617 irs,

1018 637 1112 727 pleno
1147 631 1285 717 Consslio
1315 637 1459 727 generali
1492 639 1537 706 ad
1575 655 1784 728 campanam,

1016 736 1178 830 superiora
1213 734 1357 827 capitula
1391 736 1496 804 omnia
1527 732 1664 822 firmata
1687 735 1785 822 sunt,
1852 803 1854 807 Α

1020 836 1218 907 concionante
1253 832 1389 906 Domino
1413 831 1556 905 Guidone
1590 836 1630 905 de
1656 835 1785 905 Bibiena

1022 939 1136 1008 Milite
1163 935 1350 1023 Poteslatis‚
1386 934 1422 1003 in
1446 933 1625 1025 praesentia
1651 933 1785 1009 Domini.

1020 1039 1266 1134 Salinguerrae,
1300 1034 1490 1109 Ubertinelli
1504 1089 1515 1124 ,
1533 1033 1720 1126 sobannini
1745 1036 1786 1107 dr

1022 1139 1169 1211 Bouaria
1202 1141 1242 1209 de
1277 1138 1441 1209 Contrada
1466 1133 1583 1208 tanus·
1599 1140 1629 1225 J
1631 1133 1786 1224 ubannis,

1020 1241 1180 1312 Guidonis
1207 1239 1424 1324 Vitedonsini‚
1449 1232 1608 1325 bulsini,
1635 1234 1787 1331 Georgii.

14 1397 17 1401 .
140 1335 176 1407 in
188 1338 311 1409 duobus
336 1340 512 1429 majoribus
532 1346 687 1414 Mareotis
709 1343 905 1417 annualibus
954 1353 985 1424 B
1023 1338 1069 1419 θ
1096 1341 1230 1413 aliarum
1256 1339 1444 1413 multorum.
1510 1388 1515 1393 -

1073 1445 1122 1512 Et
1147 1468 1202 1538 egr
1226 1447 1418 1513 Armannus
1445 1436 1510 1512 Dei
1531 1436 1643 1534 gratil
1684 1437 1786 1526 impr-

1023 1541 1116 1613 rialis
1140 1549 1274 1631 Aulae,
1310 1539 1359 1621 (θ’
1397 1562 1472 1612 tunc
1496 1538 1679 1611 Communis
1706 1541 1791 1609 Fer·

1024 1645 1128 1715 rariae
1153 1640 1331 1731 Notarius,
1374 1663 1412 1714 ut
1448 1641 1607 1729 slatutum
1638 1639 1709 1730 snit
1731 1661 1790 1732 per

1019 1742 1219 1835 praedillos‚
1247 1741 1295 1822 ita
1314 1742 1447 1838 lempst,
1473 1744 1508 1813 in
1526 1741 1702 1829 Poteslaria
1719 1743 1789 1811 Dr·

1025 1843 1107 1914 mini
1123 1849 1154 1934 J
1155 1841 1243 1916 acubi
1266 1844 1307 1914 de
1331 1842 1562 1932 Prendiparte.
1782 1875 1788 1883 ·

1076 1945 1193 2042 Atqui
1220 1945 1315 2016 inter
1351 1938 1580 2017 Mutinenses'
1599 1967 1639 2015 ac
1666 1944 1788 2014 Ferra-

1025 2043 1153 2119 rienses
1179 2042 1296 2118 caussb
1321 2041 1426 2142 ipfiur
1452 2042 1602 2137 Ripatier'
1616 2068 1655 2114 uc
1675 2044 1789 2115 Telo·

994 2109 1000 2257 Ι
1026 2145 1083 2219 nei
1102 2147 1298 2241 complures
1318 2141 1568 2218 onteaiuerant
1583 2159 1789 2216 controver-

142 2242 531 2329 navimtdiesumesl.
554 2244 670 2340 Siqua
684 2248 908 2342 queslioorire·
948 2254 999 2335 C*
1026 2244 1111 2320 fiae.
1148 2243 1257 2319 Hisce
1285 2243 1321 2317 in
1352 2242 1530 2316 linardum
1557 2243 1790 2318 Contrarium

142 2361 197 2413 tur
216 2342 299 2414 inter
316 2342 467 2434 sorensem
490 2345 535 2414 θ
557 2348 734 2419 Rivarium
761 2351 801 2419 de
817 2349 908 2439 sallo

143 2443 276 2533 Ripae,
312 2439 358 2520 &¹
391 2444 615 2534 sententiatum
657 2448 758 2537 suerit
801 2474 910 2523 contra

144 2542 351 2632 Rivarium,
391 2546 552 2617 Rivarius
601 2567 745 2620 teneatur
787 2550 909 2643 reficere

139 2641 260 2735 soreos
293 2647 460 2737 expensas,
495 2673 575 2742 quas
596 2671 654 2744 pro
687 2652 746 2720 lite
766 2673 825 2746 pro
851 2653 909 2721 illo

141 2739 235 2833 sala
256 2743 390 2838 scrisit.
416 2756 511 2844 ¹Quae
534 2748 640 2822 omnia
661 2753 816 2834 valeant,
838 2753 908 2841 sal-

71 2883 73 2888 ·
145 2844 202 2916 vis
240 2867 347 2918 tamen
378 2847 487 2940 paulis
521 2876 589 2921 cum
626 2852 737 2950 aliqua
763 2855 910 2926 Ciuitate

1025 2346 1305 2444 sempronius,
1328 2343 1359 2418 is
1381 2349 1569 2418 Decretum
1591 2341 1689 2417 suum
1711 2346 1790 2416 An·

1026 2474 1074 2522 no
1108 2449 1355 2522 Mcuxxrx.
1383 2443 1652 2545 promulgarit,
1692 2443 1789 2540 quod

1026 2575 1045 2624 e
1095 2546 1324 2622 vetustiffimo
1367 2544 1510 2646 Regesso
1561 2544 1791 2642 Reipublicae

1026 2646 1240 2723 Mutinenfis
1265 2667 1495 2749 excerptum,
1529 2671 1625 2721 nunc
1650 2643 1789 2748 publici

1026 2749 1113 2852 juris
1139 2747 1256 2826 facio.

176 3095 516 3216 compromissum
548 3101 586 3184 tr
618 3103 936 3192 Laudumimer
966 3107 1197 3189 Commune
1238 3097 1424 3191 Mutinae
1465 3102 1766 3188 &Commune

403 3214 603 3305 Ferrarius
633 3249 704 3336 pro
736 3220 923 3340 Riputico
952 3224 991 3305 bc
1023 3218 1235 3328 Toloneo,
1264 3228 1388 3304 Anno
1422 3250 1547 3329 ¹¹79·

148 3440 238 3630 IN
268 3445 391 3535 Christi
424 3449 576 3522 nomine.
613 3457 717 3522 Anno
755 3453 919 3525 Dominiee
954 3458 991 3527 D
1031 3451 1200 3523 Mutinam
1233 3451 1274 3521 de
1309 3449 1491 3522 Tolloneo
1526 3449 1562 3520 ἃ
1603 3443 1794 3539 Riputico,

225 3546 428 3618 Natiuitatis
454 3552 528 3620 MC
529 3554 683 3623 Lxxrx.
710 3572 845 3642 tempore
862 3560 919 3626 A·

148 3647 298 3718 lenandri
323 3654 411 3738 Pape
437 3646 483 3728 (r
512 3650 673 3723 frederici
696 3654 918 3748 imperatoris,

150 3746 204 3820 elie
230 3751 320 3820 XIV.
356 3749 534 3839 introeunte
575 3752 688 3843 Mense
723 3755 917 3836 Novembri,

148 3845 331 3950 indilliune
358 3853 434 3923 ΧΠ.
463 3854 498 3923 in
539 3850 679 3937 Berreſsa
703 3854 821 3926 sandi
845 3863 917 3927 Ste-

58 3949 60 3951 ’
150 3947 317 4041 planiae
343 3953 516 4026 Ferraria.
559 3959 632 4049 Ego
658 3954 808 4045 isnardus
834 3963 918 4029 Cun-

151 4048 273 4123 trdrius
308 4048 425 4122 eleilus
459 4082 480 4125 a
516 4059 653 4126 Domino
696 4057 839 4129 Gnidone
879 4064 918 4128 de

153 4148 344 4224 landriano
362 4154 510 4226 Ferraria
528 4154 705 4246 Poteslate,
729 4155 776 4232 &¹
795 4185 816 4228 a
834 4163 919 4230 Cun-

147 4250 277 4344 sulibus
313 4251 451 4344 ejusdem
486 4255 674 4340 Civitatis,
710 4258 861 4329 videlicet
899 4289 921 4331 a
962 4283 964 4287 ·

1030 3554 1114 3648 quud
1137 3551 1348 3643 accipiebatur
1387 3546 1624 3632 Mutinensibus
1651 3547 1686 3618 in
1714 3550 1796 3619 Fer·

1030 3654 1119 3725 raria
1144 3650 1193 3731 (γ’
1219 3658 1253 3722 in
1294 3651 1469 3723 Bondeno.
1505 3656 1603 3744 Quod
1642 3652 1797 3720 Tolenunt

1030 3752 1079 3833 &²
1105 3751 1292 3848 Ripaticum
1317 3755 1425 3824 Guida
1449 3752 1490 3820 de
1506 3751 1693 3823 Landrians
1713 3753 1796 3822 Fer-
1884 3787 1887 3790 >

1031 3854 1115 3928 raria
1149 3852 1288 3940 Potestas
1327 3855 1372 3924 θ
1397 3851 1546 3942 Consules
1572 3852 1709 3942 eiusdem
1735 3851 1796 3922 Ci-

1030 3948 1148 4028 vrtatis
1172 3954 1341 4041 dicebant,
1368 3953 1450 4050 quod
1475 3950 1536 4047 lpss
1552 3954 1708 4025 debebant
1725 3978 1796 4034 euos

1031 4055 1167 4144 acciperr
1192 4054 1226 4125 in
1254 4053 1434 4142 ferraria,
1473 4055 1518 4124 O·
1558 4056 1593 4124 in
1619 4046 1796 4126 Bondino.
1826 4109 1827 4112 η

1032 4161 1080 4226 Et
1105 4182 1121 4225 e
1145 4154 1297 4226 contrario
1321 4156 1481 4227 Gerardus
1507 4155 1668 4250 Rangune
1686 4150 1797 4223 Muti·

1032 4283 1071 4327 ne
1095 4254 1236 4342 Pateslas
1259 4254 1412 4344 dicebat,
1447 4256 1530 4350 quod
1565 4279 1618 4325 nec
1644 4251 1798 4325 Ferraria

154 4349 366 4448 Bonjubanne
391 4355 430 4423 de
457 4355 643 4452 Rugatino‚
671 4354 719 4434 ῥ’
736 4386 759 4431 a
777 4358 920 4431 Vitalia·
956 4363 985 4430 E
1033 4384 1086 4428 nec
1119 4359 1270 4430 Bondenu
1304 4355 1434 4452 aliquid
1471 4352 1710 4438 Mutinensibus
1734 4376 1798 4423 au-

155 4480 218 4545 no,
253 4450 301 4532 ῥ’
326 4482 349 4527 a
375 4460 509 4552 Hugone
533 4463 574 4528 de
606 4457 760 4548 Toffania
795 4481 853 4555 pro
885 4459 923 4551 se

85 4630 93 4641 x
158 4553 205 4636 ό*
228 4578 286 4654 pro
312 4540 389 4631 aliis
414 4554 604 4649 Consulibus
630 4559 778 4631 Ferrarie
802 4587 839 4630 en
857 4586 923 4633 una

43 4719 47 4728 .
158 4676 268 4744 parte,
304 4660 349 4729 θ
373 4683 395 4731 a
423 4659 559 4731 Domino
594 4661 735 4730 Gerardo
760 4669 923 4755 Rangune

162 4756 294 4828 Mutine
319 4759 473 4846 Poteslate
504 4783 561 4858 prs
591 4761 626 4853 se
666 4761 923 4852 &Consulibus

153 4854 216 4949 sue
241 4856 397 4932 Ciuitatis
422 4890 459 4933 ere
482 4863 585 4934 alrera
620 4881 739 4953 parte,
779 4869 818 4935 de
843 4863 921 4950 lite,

161 4982 222 5056 que
248 4955 393 5031 vertebat
419 4963 500 5036 inter
524 4989 572 5037 eos
593 4985 652 5058 per
676 4964 863 5041 Ferrariam
881 4965 924 5036 (r

1028 4458 1112 4547 serre
1136 4461 1250 4529 debet.
1290 4460 1379 4530 Unde
1414 4455 1521 4528 Guido
1544 4458 1585 4524 de
1610 4453 1799 4526 Landriar'te

1034 4559 1180 4631 Ferrarie
1212 4556 1355 4644 Poteslas
1390 4559 1434 4626 θ
1473 4555 1610 4651 ejusdem
1636 4554 1798 4626 Ciuitatis

1033 4658 1207 4752 Consules,
1244 4669 1292 4735 (φ
1327 4660 1487 4730 Gerardus
1527 4664 1689 4753 Rangune
1715 4661 1798 4728 Mu·

1033 4759 1101 4831 tine
1125 4757 1265 4846 Poteslas
1298 4780 1355 4856 pro
1382 4759 1419 4853 se
1444 4759 1490 4831 θ’
1524 4760 1712 4850 Consulibus
1744 4759 1798 4848 sue

1032 4861 1219 4951 Civitatis,
1241 4860 1294 4934 33»
1321 4889 1369 4934 sne
1393 4861 1561 4954 isnardum
1596 4858 1799 4933 Contrarium

1028 4982 1088 5063 per
1112 4963 1304 5040 concordiam
1331 4965 1369 5061 se
1398 4964 1569 5061 pesuerunt
1593 4964 1639 5037 ad
1662 4957 1797 5035 auditu·

1667 5059 1746 5132 dum
