4216 6014
271 372 354 462 us
535 339 1525 464 Antrourrurunrraerr
1698 362 1790 464 ¹96

209 469 355 562 Regno,
382 459 424 536 ad
452 485 566 536 mores
586 467 799 536 francorum
820 462 971 538 secum-
1001 464 1037 536 A
1077 465 1151 535 rasa
1175 462 1276 538 fuisse
1301 463 1503 558 diversum,
1543 465 1612 540 boc
1637 464 1704 557 est,
1742 465 1849 544 tuni·

208 565 390 666 posuerint
426 560 572 638 Italicae
604 560 846 664 :coniugatam
881 590 971 665 quae

207 669 353 744 subinde
401 669 551 766 capillos
604 655 744 740 solicite
788 666 970 757 aluerint,

208 795 314 870 atque
350 773 505 845 intortos
541 766 584 841 ad
620 769 748 868 capitis
782 795 969 843 ornamen-

206 891 284 949 tum
331 873 525 975 gesserint.
567 868 653 943 Fuit
694 873 729 944 δι
773 873 967 968 puellarum

206 1003 306 1060 mos,
334 978 503 1048 interulas
531 998 670 1063 gerere,
712 972 781 1046 slve
821 973 969 1048 subucu-

203 1080 277 1154 las.
316 1079 456 1151 Paullus
497 1075 676 1148 Diaconus
713 1073 801 1148 Festi
830 1076 968 1150 brevia-

203 1197 283 1260 tor,
309 1186 497 1270 supparus,
524 1181 598 1265 ait,
633 1177 853 1264 vestimentum
875 1180 968 1274 prees·

202 1284 307 1353 satum
333 1282 482 1368 lineam,-
506 1282 590 1377 quud
613 1277 661 1357 (θ’
681 1279 865 1371 sudumst,
891 1278 969 1362 ideis

1078 589 1140 638 cae
1165 591 1299 668 genus,
1325 565 1427 670 super
1450 569 1523 642 alia
1549 568 1754 643 indumenta
1780 595 1849 668 ge·

1079 664 1221 742 statum.
1249 668 1357 764 Quod
1384 661 1493 744 etiam
1520 698 1541 745 e
1563 668 1655 745 sacra
1677 670 1765 745 vesle
1784 669 1848 745 ‹li-

1079 767 1228 854 scimus,
1254 771 1352 846 Alba
1380 772 1569 863 videlicet,
1596 800 1701 873 quam
1727 772 1848 846 Carrei·

1077 900 1108 945 ce
1134 899 1198 948 uos
1233 877 1479 978 appellamus3
1521 895 1653 950 veteres
1693 892 1846 966 autern,

1077 971 1115 1046 in
1145 975 1269 1074 primis
1295 976 1486 1075 Gregorius
1512 975 1666 1078 Magnus
1695 977 1781 1051 Lib.
1804 978 1844 1050 ό.

1079 1077 1182 1175 tpill
1214 1105 1274 1175 ²7·
1307 1081 1342 1151 &
1370 1078 1565 1152 Anastasius
1592 1081 1630 1152 in
1659 1074 1845 1152 Benedisi.

1079 1182 1143 1254 III.
1169 1179 1342 1261 Camisare
1376 1184 1410 1256 dc
1447 1181 1619 1264 Camisare
1659 1204 1846 1277 nuncupa·

1077 1300 1178 1356 runt.
1225 1279 1329 1357 Adde
1373 1282 1570 1357 Alcuiuum
1621 1284 1659 1354 in
1686 1282 1769 1357 Lib.
1795 1278 1843 1353 de

202 1382 345 1465 Camilia
369 1386 510 1455 dicitur.
554 1379 660 1453 Ridet
695 1379 774 1454 heic
803 1382 965 1453 Paullum
1000 1378 1030 1448 B
1076 1381 1190 1458 divin.
1225 1382 1332 1458 offic.
1366 1411 1461 1482 quam
1495 1383 1667 1465 Camisare
1704 1384 1847 1455 dicimus

201 1484 369 1584 Josephus
389 1484 565 1584 Scaliger,
593 1481 764 1555 scribens:
794 1481 966 1566 camisam

200 1589 334 1679 usurpat
360 1588 496 1658 Pausias
520 1589 651 1656 mrtem
671 1583 749 1676 suae
774 1584 913 1672 auaris,
931 1611 969 1656 ae

194 1689 323 1784 suarum
349 1689 510 1786 elegantis
533 1687 685 1782 dignum.
730 1685 964 1783 Praecipitem

201 1791 372 1890 Scaligeri
418 1789 628 1862 sententiam
679 1806 802 1876 arguet
837 1782 966 1861 vidior

201 1891 384 1972 Vitensrs.
428 1892 493 1987 qui
519 1890 623 1963 tinto
649 1908 777 1970 antea,
825 1887 893 1962 hoc
919 1886 967 1961 esi

200 1999 311 2068 Anno
349 1991 486 2068 Christi
521 1992 882 2066 cccctxxxvll.
922 1988 965 2064 de

199 2094 371 2170 Persecut.
403 2092 553 2168 Vandal.
580 2092 664 2168 Lib.
690 2092 832 2192 primo.
853 2091 964 2164 Caeri-

194 2195 262 2284 fiar
306 2200 350 2269 θ
388 2195 558 2289 femoralia
602 2214 803 2269 memorat.
849 2197 966 2268 Immo

1074 1486 1130 1555 uei
1154 1493 1359 1583 supparum.
1387 1489 1504 1585 Atqui
1530 1512 1652 1559 omnes
1679 1500 1846 1567 norunt,

1074 1587 1235 1678 Camisares
1261 1587 1372 1668 hanc,
1397 1586 1468 1661 five
1493 1589 1618 1660 Albam
1644 1585 1744 1679 supra
1783 1609 1847 1659 ce·

1074 1705 1168 1760 teras
1193 1686 1298 1761 vestes
1324 1689 1364 1760 in
1399 1685 1504 1762 sacris
1543 1686 1694 1776 deserti,
1729 1704 1850 1784 atque

1074 1787 1117 1861 ad
1142 1790 1235 1862 talos
1260 1787 1489 1864 descendere.
1528 1788 1657 1862 Graeci
1683 1793 1770 1859 verb
1799 1783 1848 1860 fi·

1074 1888 1278 1988 gnificaturi
1326 1889 1517 1963 iutemlam
1567 1887 1637 1965 live
1682 1887 1848 1965 Subucu-

1075 1997 1169 2078 lam‚
1196 2017 1287 2089 quae
1312 1991 1456 2066 tunicae
1481 1987 1640 2075 suberat,
1680 1983 1720 2062 ἃ
1760 2014 1845 2063 oor·

1076 2095 1153 2206 pori
1173 2093 1364 2183 insidebat,
1390 2089 1438 2165 ufi
1458 2089 1538 2166 sunt
1553 2116 1640 2164 voce
1664 2108 1840 2188 baim.

1078 2195 1161 2269 rdesl
1196 2193 1405 2288 [themista.
1452 2211 1521 2267 ut...
1541 2191 1793 2294 distinguerent
1817 2220 1843 2269 e
1917 2206 1919 2211 '

199 2300 270 2399 jam
313 2300 379 2373 boc
416 2323 545 2374 nomen
588 2295 867 2397 vulgatissimum
904 2297 965 2371 suo
1001 2302 1031 2371 C
1073 2294 1244 2386 camisiis,
1278 2290 1368 2393 quae
1394 2294 1732 2385 superinduebautur
1755 2292 1849 2371 aliis.

198 2427 289 2474 aevo
324 2400 435 2476 tradit
471 2399 617 2473 sanetus
637 2402 898 2492 ·Hieronymus
925 2397 963 2472 in

198 2501 344 2593 Epistol.
381 2506 424 2575 ad
462 2502 666 2575 Fabiolam.
703 2505 757 2585 En
784 2500 859 2595 ejus
886 2525 964 2573 ver·

199 2604 263 2676 ba:
305 2607 381 2674 Vola
414 2626 487 2698 pra..
504 2603 639 2698 sagensis
673 2602 838 2693 facilitate
871 2600 965 2672 abuti

190 2705 331 2821 ferrariae
367 2707 558 2821 vulgator·
581 2703 647 2776 hoc
698 2701 745 2819 esi
786 2699 963 2817 Vulgari,

197 2830 360 2990 siidiii
383 2803 581 2981 dissidiis
598 2799 964 2979 iirsiiaiiiolliiiiidaeti

198 3013 351 3083 xxtlll.
386 3012 426 3081 da
460 3007 587 3104 Origirr.
624 3007 772 3103 linguat
811 3007 982 3090 italien„

199 3114 322 3214 Pergit
349 3115 615 3205 Hieronymus:
653 3111 763 3181 soleae
788 3108 965 3178 militantes

1076 2396 1248 2471 vestibus.
1291 2394 1485 2469 Anastafius
1520 2397 1560 2471 in
1595 2395 1674 2470 vita
1717 2393 1841 2475 studi

1073 2498 1243 2589 Iohannis
1270 2498 1570 2592 Eleemosynarii:
1609 2499 1735 2571 dicebat
1752 2498 1842 2592 [eur-

1072 2624 1148 2694 per,
1188 2604 1271 2699 qaod
1303 2596 1398 2697 posset
1431 2602 1588 2694 sapasim
1613 2600 1757 2681 divites,
1794 2601 1841 2687 Q

1074 2703 1175 2798 ipsum
1200 2704 1296 2774 etiam
1335 2701 1564 2801 hypocamisum
1601 2699 1646 2776 ab
1678 2702 1724 2774 eis
1745 2699 1842 2776 best·

1072 2805 1147 2876 cause
1172 2834 1212 2876 au
1264 2830 1314 2878 re.

1122 2912 1185 2980 Aa
1209 2906 1380 3002 sponsalia
1418 2904 1514 3004 quod
1552 2903 1708 2986 attinet,
1745 2903 1841 2982 olins

1074 3033 1151 3082 mos
1175 3006 1267 3090 suit,
1296 3013 1430 3082 Romae
1456 3007 1603 3099 saltem,
1628 3004 1668 3082 ἃ
1693 3006 1845 3107 quidem

1074 3111 1220 3183 Saeculo
1257 3112 1320 3183 lx.
1359 3128 1399 3184 ut
1444 3109 1501 3183 vir
1540 3106 1643 3182 sidem
1671 3106 1764 3181 suam
1794 3108 1843 3186 de

198 3216 312 3289 babere
333 3217 438 3288 simas
471 3215 487 3313 s
502 3213 588 3288 idest
616 3211 753 3310 relies)
793 3237 873 3306 qaas
898 3216 965 3283 Ce-
1003 3216 1035 3284 D
1073 3210 1229 3285 ducenda
1256 3211 1295 3285 in
1322 3238 1468 3286 uxorem
1497 3212 1627 3285 semina
1645 3207 1840 3284 confirma-

197 3317 306 3402 sar‘sias
331 3338 471 3399 mearet,
500 3315 548 3400 ste
584 3339 676 3412 aptas
703 3312 877 3394 merebit,
921 3316 964 3383 (9

196 3419 367 3503 adstrisas
412 3416 610 3512 torporibus,
645 3437 683 3484 rrt
719 3417 859 3505 expediti
901 3413 966 3493 stret

196 3520 253 3587 tres
277 3522 322 3589 ad
347 3519 468 3601 cursem
492 3517 551 3583 tres
566 3524 611 3584 ed
626 3515 746 3602 praesia
765 3511 839 3589 &a
862 3516 965 3604 Quae

197 3642 282 3716 ergo
327 3644 347 3691 a
391 3617 516 3688 Paullo
567 3611 727 3693 camisiae
769 3631 965 3702 vocantur,

198 3719 328 3814 qubus
368 3742 457 3790 aevo
500 3711 562 3787 suo
604 3714 741 3807 puellae
775 3714 966 3787 utebantur

198 3818 298 3916 (nisi
326 3818 367 3895 ad
395 3816 486 3892 felli
515 3815 632 3916 potibs
665 3838 792 3889 aerum
818 3840 858 3888 ea
887 3841 963 3888 rer·

191 3922 241 3995 'ba
269 3920 336 3995 smt
362 3919 571 4019 reserenda)
612 3918 761 3993 minime
795 3919 964 3992 videntur

1074 3334 1150 3396 ret,
1184 3316 1318 3387 annulo
1341 3313 1376 3389 ei
1403 3315 1441 3389 iu
1468 3313 1621 3415 digitum
1656 3310 1839 3389 immisso:

1073 3419 1167 3509 quod
1208 3442 1301 3490 nuuc
1340 3417 1380 3488 in
1417 3415 1491 3511 ipsa
1518 3419 1657 3489 tantiam
1692 3412 1843 3491 benedi·

1073 3516 1193 3589 sirone
1221 3516 1444 3590 matrimonii
1473 3518 1675 3620 peragitur.
1711 3519 1839 3611 Quum

1077 3623 1160 3689 verb
1185 3639 1268 3690 ante
1293 3620 1517 3693 Sacerdotem
1543 3619 1751 3716 conjugium
1777 3643 1837 3693 ce-

1075 3717 1298 3806 lebrabatur,
1333 3738 1407 3793 tam
1444 3723 1525 3795 viro
1550 3724 1656 3820 quim
1684 3719 1840 3796 feminae

1076 3821 1188 3891 Velare
1220 3821 1396 3916 quoddam
1438 3822 1609 3898 sacratum
1652 3822 1752 3921 super
1776 3846 1841 3898 eo·

1076 3919 1168 3994 sdem
1205 3922 1460 3998 extendebatur
1499 3926 1536 3999 iu
1565 3925 1698 4026 signum
1727 3925 1840 4024 podo-

196 4021 387 4099 iuteriorcs
429 4020 534 4095 vestes
575 4021 700 4100 fuisse.
739 4048 829 4117 quae
868 4046 963 4095 nunc
1075 4023 1124 4097 ris
1157 4020 1196 4100 ἃ
1224 4025 1421 4122 con'ugalis
1464 4030 1656 4127 pudicitiae
1697 4025 1841 4102 servan·
1911 4096 1926 4119 χ

196 4126 358 4202 sermone
382 4120 496 4200 nostro
523 4125 661 4221 vulgari
687 4126 837 4196 ¹Carrrieie
872 4150 963 4198 nan·
1003 4124 1033 4194 E
1075 4125 1158 4200 dae.
1200 4127 1258 4201 Ad
1283 4053 1447 4204 denudas
1474 4131 1615 4226 nuptias
1651 4125 1841 4229 progressa,

197 4251 393 4330 cupantur,
420 4225 477 4302 sed
504 4223 696 4326 superiores
723 4251 762 4296 as
782 4245 964 4322 patentes,

195 4331 264 4406 hoc
291 4332 368 4418 est,
408 4351 449 4405 ut
489 4354 582 4402 nunc
621 4325 818 4404 dicimus.
851 4327 962 4398 Carrei·

40 4423 41 4427 ¹
196 4435 314 4510 riuale.
341 4434 455 4511 Hasce
482 4433 615 4513 lineas,
641 4425 681 4503 ἃ
701 4430 819 4508 albas,
844 4426 965 4500 adstri-

198 4532 365 4629 siasque,
406 4554 588 4628 utputo,
626 4533 763 4632 corpori
792 4527 964 4629 gestavere

196 4637 358 4734 puellae.
386 4634 550 4710 Fortassis
576 4637 686 4710 etiam
713 4632 820 4732 usque
846 4631 890 4703 ad
910 4651 963 4704 ta·

199 4734 254 4810 los
282 4733 552 4808 descendebant.
581 4742 622 4809 ln
648 4737 806 4810 eamdem
827 4732 964 4807 senteu-

195 4836 288 4914 tiam
334 4837 499 4934 congruit
525 4835 672 4908 octavii
708 4836 857 4908 Ferrarii
884 4835 967 4909 oni·

197 4944 285 5024 nio,
314 4936 377 5039 qui
405 4935 469 5010 lib.
495 4961 529 5034 3.
556 4932 727 5031 ὤμω.
754 4940 868 5012 delle
893 4942 966 5011 Ve-

195 5042 288 5122 diar.
329 5039 544 5126 arbitratur,
584 5047 768 5137 Supparere
804 5070 824 5118 a
859 5047 967 5115 sala

1074 4227 1245 4328 ejusmodi
1274 4234 1466 4306 Velamine
1497 4234 1681 4307 carebant.
1718 4228 1842 4306 Coro·

1075 4357 1142 4405 nae
1165 4333 1275 4406 etiam
1313 4337 1455 4431 utrique
1495 4334 1639 4435 conjugi
1675 4333 1842 4423 impone-

1076 4433 1225 4516 bantur,
1259 4434 1387 4532 quibus
1435 4437 1553 4508 ornati
1604 4435 1842 4533 procedebant

1075 4531 1118 4606 ad
1146 4535 1325 4610 maritales
1351 4537 1470 4610 aedes.
1496 4540 1594 4610 llaec
1622 4561 1685 4608 nos
1712 4535 1862 4614 docuit.

1077 4636 1249 4710 Nicolaus
1290 4642 1317 4709 l.
1362 4642 1453 4733 Papa
1502 4638 1540 4710 in
1587 4634 1751 4732 Respons.
1795 4637 1841 4715 sd

1075 4735 1248 4810 Consulto
1289 4741 1471 4835 Balgaror.
1511 4741 1599 4836 Cap.
1629 4762 1661 4833 3.
1690 4737 1752 4812 ubi
1780 4740 1842 4818 iu.-

1075 4856 1296 4939 terrogatus.
1320 4858 1409 4934 quae
1434 4838 1649 4915 consuetudo
1670 4838 1842 4920 servande

1075 4939 1157 5014 esset
1183 4941 1221 5014 in
1249 4941 1410 5037 nuptiis,
1451 4942 1523 5019 ait:
1567 4944 1728 5032 Nostrates
1767 4964 1841 5018 tare

1075 5068 1176 5117 neree
1209 5049 1306 5144 quite
1333 5045 1472 5138 semitae
1509 5050 1634 5125 sesiam
1658 5047 1839 5139 ligaturas·

1659 5174 1792 5223 aeream
