4216 6014
291 302 378 412 3c5
600 290 968 383 orsuutrurro
1006 282 1512 381 scrousruurmrru.
1682 235 1699 273 ¹
1726 290 1815 407 ,aa

160 448 163 452 ¹
235 439 361 511 cunque
378 410 575 497 deveniunt,
598 413 719 511 praeslc
736 415 909 488 cubiculum
930 438 1003 512 ope-
1034 416 1071 486 A
1110 407 1187 480 talli
1213 408 1313 479 nitore
1337 407 1514 496 contrilos,
1542 403 1627 492 sicut
1663 430 1777 500 eraut,
1816 409 1874 510 qui

232 514 311 596 rosis
351 518 395 586 (9'
434 516 625 589 mirabiliter
670 518 766 587 textis
812 518 1001 589 cortinarum

231 617 399 712 phaleris,
433 618 597 691 induant.
635 624 748 714 Sisque
783 620 920 715 parietes
943 623 1002 690 do-

232 744 305 789 mus
330 722 374 791 ab
396 720 494 792 oculis
530 720 721 791 inruentium
755 741 917 813 tamqnam
950 721 1003 812 se-

230 819 414 916 peliendum
432 825 569 893 cadaver
586 822 784 896 obvolvant.
806 829 887 894 Mon
905 822 1002 894 etiarn

235 921 354 1011 tapetis
376 922 572 1019 prodigiosas
607 924 764 1019 imagines
794 923 1001 1015 pracserenti-

235 1024 295 1096 dut
319 1021 439 1113 sedilia
466 1022 636 1112 siernnnt:
669 1026 915 1120 peripetasmata
949 1025 1001 1096 lu-

199 1138 200 1142 ’
234 1122 435 1219 paratibus,
461 1126 606 1221 nequid
629 1127 786 1197 occiduum
811 1127 1000 1207 delabatur,

234 1245 416 1314 opponunt.
451 1226 579 1299 Deinde
604 1227 750 1298 clientum
790 1228 885 1299 turba
910 1228 1000 1298 divi·

203 1367 205 1370 *
233 1324 344 1398 ditur.
379 1326 460 1398 ,Alii
487 1326 646 1423 siquidem
670 1329 797 1399 dominc
826 1329 885 1419 suo
911 1355 1000 1399 reue—
1042 1316 1070 1387 Β

134 1444 137 1452 ’
234 1449 338 1497 tenter
363 1428 528 1521 affisluut,
555 1453 725 1526 nutumque
750 1428 845 1523 ejus,
867 1428 899 1514 β
923 1431 1001 1524 qnid

226 1528 314 1619 'sorte
334 1528 512 1621 subeatur,
539 1531 660 1602 corriosd
686 1532 803 1621 nimis,
838 1531 930 1602 velut
955 1532 1000 1601 ri·

138 1638 143 1656 ²
233 1652 368 1702 matores
386 1630 547 1717 fidorum,
574 1632 787 1724 observatione
804 1632 999 1720 cusiodiunt.

232 1731 323 1804 Alia
350 1733 470 1814 addit,
505 1760 525 1806 e
565 1733 692 1831 quibus
735 1734 819 1809 haec
859 1736 997 1808 cantium

234 1831 404 1930 decerpo:
443 1840 517 1907 Non
543 1837 704 1928 drffirurlis
730 1834 777 1914 ό*
813 1836 875 1907 illa
900 1835 998 1906 credi—

234 1953 289 2004 tur
327 1931 385 2027 effe
417 1937 598 2025 dementia,
637 1943 715 2008 dum
754 1936 890 2010 lciiulus
930 1957 996 2008 tam

233 2034 366 2126 operofis
399 2033 574 2130 decusatur
610 2037 804 2132 impendiis,
845 2059 881 2109 ut
906 2064 998 2111 arna-

233 2156 373 2207 mentum
393 2134 586 2228 sacrosanlli
610 2137 801 2229 cujuslibet,
827 2140 1000 2212 ueletiam

233 2234 333 2331 ipsius
358 2238 558 2333 Aposlolici,
581 2241 753 2335 praecellat
775 2238 996 2319 Altaris&t.
1034 2215 1084 2303 C?
1112 2255 1198 2331 395·
1233 2233 1357 2315 luxui,
1398 2235 1431 2306 8(
1475 2236 1654 2309 CORViViiS
1700 2237 1875 2314 indulfiffe
2010 2236 2017 2249 ’
2092 2221 2096 2229 ⁸

1081 2336 1221 2417 {italos
1249 2335 1415 2409 invenio.
1441 2335 1476 2410 Is
1502 2337 1597 2410 euim
1625 2340 1772 2412 Gallum
1801 2343 1875 2416 Ita-

232 2342 303 2410 Hoc
336 2365 408 2436 ergo
446 2345 535 2411 modo
577 2367 672 2434 quum
707 2339 864 2434 sobrietas
898 2341 1000 2433 soleat

232 2448 445 2513 commendare
469 2438 665 2534 Pontifices,
691 2443 797 2540 effirsis
824 2471 906 2516 nuno
930 2445 999 2540 opi·

232 2543 290 2613 bus
311 2541 395 2632 scili
415 2541 494 2633 sunt
517 2542 695 2616 helluones.
730 2549 867 2641 Regalis
893 2550 1000 2641 itaque

229 2661 398 2735 purpura,
433 2651 512 2740 quia
545 2646 681 2715 unicolor
714 2650 777 2731 esl,
817 2647 1029 2740 vilipendi,

232 2764 287 2816 tur
301 2769 317 2813 .·
349 2745 458 2836 pallia
482 2751 557 2815 veri
581 2745 716 2830 diverfis
746 2746 858 2836 susara
883 2746 995 2818 nitori·

140 2860 143 2865 ’
228 2848 290 2925 ,bus
314 2850 360 2918 ad
380 2847 530 2935 sublimis
554 2847 664 2917 leiluli
689 2852 883 2944 deputantur
903 2876 996 2921 crua-

231 2968 318 3020 ttrm.
356 2953 403 3020 Eo
429 2975 524 3045 quum
553 2947 709 3034 domeslici
734 2949 861 3019 murices
888 2949 996 3035 noslris

171 3044 175 3051 ⁴
229 3047 411 3140 aspeilibus
432 3049 602 3140 sordeant,
629 3049 907 3140 transmarinorum
925 3050 994 3146 pel—

230 3149 298 3231 les,
324 3151 401 3247 quia
427 3178 541 3247 magno
563 3152 665 3246 pretio
688 3159 886 3235 coimuutnr,
913 3151 996 3223 oble·
1036 3133 1067 3201 D

230 3251 343 3327 Haut.
379 3255 499 3323 Ovium
525 3253 632 3346 itaque
650 3251 750 3336 simul
776 3255 820 3320 (9¹
845 3278 995 3347 agnorum

230 3353 447 3442 despiciuntur
471 3363 623 3423 exuviae.
664 3352 848 3442 Ermelini,
883 3350 995 3422 Gebel-

230 3451 316 3533 lini,
359 3456 518 3523 Massones
557 3452 791 3549 exquiruntur,
831 3451 880 3534 ψ’
916 3453 994 3524 Vul-

227 3571 285 3645 pes
311 3555 380 3626 &a
416 3555 533 3625 Toedet
558 3574 655 3626 cetera
690 3555 852 3626 vanitatis
876 3575 994 3626 attene-

229 3679 283 3736 te,
309 3681 371 3725 non
396 3655 558 3748 ridenda,
580 3657 640 3748 sed
660 3659 816 3755 gemenda
842 3654 996 3728 ridicula.

230 3756 414 3842 fastidium
439 3757 502 3844 esi,
536 3780 590 3829 tot
614 3758 801 3833 ambitionis
827 3784 863 3830 at
885 3758 995 3855 procli-

226 3857 334 3954 giosac
351 3859 502 3950 vesaniac
522 3859 722 3932 dinumerare
737 3878 902 3954 portenta.
928 3865 996 3932 Pa-

228 3960 319 4056 pales
351 3960 474 4050 seilicet
500 3960 643 4049 insulas,
680 3961 814 4058 gemmis
848 3961 996 4035 micanti-

1108 512 1151 582 ab
1176 511 1334 599 Esoulano
1359 534 1453 607 atque
1480 508 1635 594 Tranenfi
1666 511 1874 608 gesiabanrur

1109 610 1294 706 Episcopis.
1323 613 1475 709 Reliqua
1502 612 1632 686 mitto.

1160 713 1225 785 Sed
1251 737 1365 808 neque
1391 732 1448 784 tot
1474 714 1579 787 verba
1606 716 1760 792 retuliffe
1789 745 1874 818 poe-

1109 811 1223 895 nitet,
1251 840 1358 911 quum
1387 810 1426 886 ἃ
1455 812 1527 912 ipsa
1554 834 1687 891 veteres
1725 821 1874 896 Italico·

1109 941 1185 988 rum
1224 941 1338 989 mores
1374 915 1477 988 nobis
1523 914 1725 1015 spectandos
1769 922 1875 999 exhi-

1109 1017 1237 1089 beant.
1280 1017 1316 1089 si
1358 1015 1529 1090 Ecclefiac
1574 1021 1734 1093 Procerus
1770 1041 1873 1099 tanto

1108 1117 1316 1191 laborabant
1342 1120 1451 1200 luxu,
1479 1144 1562 1192 num
1591 1122 1707 1194 Seculi
1737 1125 1877 1201 Princi-

1109 1245 1168 1392 pes
1204 1239 1309 1316 atque
1363 1222 1567 1318 Optimatcs
1621 1223 1874 1320 moderatiores

1124 1320 1208 1394 uiss'e
1236 1320 1469 1396 arbitremur?
1498 1321 1598 1403 Vide,
1618 1350 1708 1420 quae
1729 1328 1874 1403 Donizo

1109 1421 1215 1495 habet
1243 1423 1325 1496 Lib.
1357 1425 1472 1520 primo
1499 1428 1586 1522 Cap.
1605 1450 1642 1522 9.
1669 1426 1712 1499 de
1738 1428 1874 1526 nuptiis

1110 1521 1288 1596 Bonifatii
1328 1525 1551 1599 Marchionis
1597 1530 1631 1598 δι
1673 1531 1874 1625 Beatcicis,

1109 1624 1177 1697 hoc
1204 1622 1249 1695 cst
1277 1646 1457 1723 parentum
1486 1626 1696 1701 Comitiffae
1718 1629 1876 1707 Matbii·

1109 1726 1183 1799 dis.
1219 1727 1344 1798 Sed&
1372 1725 1448 1824 ipso
1474 1727 1619 1801 ineunte
1655 1734 1801 1806 Saeculo
1829 1740 1873 1810 X.
1964 1822 1966 1827 Ι

1110 1853 1181 1926 quo
1221 1831 1435 1921 Anonymus
1478 1832 1582 1902 Poeta
1618 1833 1874 1931 Panegyricum

1110 1929 1296 2002 contexuit
1320 1930 1522 2029 Bereugarii
1543 1932 1714 2030 Augusti,
1736 1935 1874 2011 editum

1110 2033 1153 2103 ab
1189 2031 1373 2104 Hadriano
1414 2030 1574 2125 Valefio,
1614 2053 1720 2131 atque
1755 2063 1776 2109 a
1815 2064 1875 2113 me

1110 2131 1266 2205 recusum
1295 2135 1416 2206 Tomo
1444 2137 1490 2206 ΙΙ.
1515 2138 1594 2207 Rer.
1619 2136 1774 2208 Italicae.
1794 2164 1873 2238 pag.

1110 2437 1157 2511 lis
1183 2436 1268 2511 baec
1293 2439 1563 2537 exprobrantem
1590 2439 1750 2516 inducit.

1160 2681 1392 2696 ------
1420 2642 1513 2739 Quid
1538 2642 1655 2714 inertia
1680 2645 1761 2714 bello

1161 2740 1315 2822 Peilora,
1352 2748 1483 2815 Ubertus
1508 2745 1579 2823 ait,
1614 2748 1705 2816 duris
1726 2767 1878 2842 praeten-

1264 2843 1345 2913 diris
1369 2847 1494 2926 armis,

1161 2951 1189 3012 0
1222 2945 1349 3063 Mi.
1368 2945 1482 3015 Potius
1516 2944 1608 3019 uobis
1637 2946 1733 3040 sacra
1764 2953 1877 3047 poncia
1971 3006 1973 3011 -

1160 3050 1378 3264 suspirii&
1408 3135 1598 3233 simelam
1624 3148 1738 3223 nitidis
1765 3152 1875 3229 laxate

1159 3245 1465 3444 Elaaiqiiniiauos
1483 3349 1580 3422 rutilo
1593 3351 1708 3441 sulcire
1726 3356 1876 3431 metallo.

1159 3551 1216 3623 En
1251 3551 1363 3626 Italos
1403 3577 1491 3627 acuo
1530 3551 1598 3627 illo
1624 3553 1732 3666 genio
1758 3553 1879 3632 indul·

1108 3670 1230 3752 gentes
1256 3651 1296 3726 in
1323 3650 1470 3744 rescribe,
1509 3651 1549 3728 bt
1575 3656 1661 3729 altus
1687 3655 1877 3743 domibus,

1109 3780 1264 3854 auroque
1291 3753 1450 3870 refertis,
1478 3753 1662 3850 superbos.
1686 3757 1789 3853 Quid
1816 3786 1878 3836 ue·
1938 3777 1943 3784 ’

1108 3860 1149 3932 rb
1175 3857 1218 3929 de
1244 3855 1361 3928 Gallus
1386 3853 1513 3937 addat,
1539 3857 1681 3956 accipe:
1964 3881 1966 3884 ·

231 4062 311 4150 bus,
336 4061 499 4155 aureosque
524 4059 690 4132 braiieulis
712 4084 770 4156 per
794 4060 923 4152 diuersa
947 4062 996 4131 lo·
1036 4044 1067 4114 Ε
1156 4062 1233 4132 Non
1273 4058 1379 4130 eadem
1416 4057 1528 4133 Gallos
1559 4057 1682 4147 fissilis
1720 4066 1777 4136 trel
1801 4093 1876 4141 arra

230 4187 268 4234 ta
291 4181 470 4256 corruptas.
498 4162 681 4257 imperiales
706 4187 818 4257 equos,
845 4160 900 4257 qui
923 4163 999 4232 dum

226 4264 368 4362 penites
398 4259 517 4359 gressus
551 4263 692 4335 arcuatis
726 4262 902 4335 cervicibus
924 4266 997 4360 glo-

230 4384 377 4454 merant,
406 4360 529 4458 sefforis
559 4364 616 4456 sui
656 4391 769 4439 manus
804 4364 881 4436 loris
908 4364 999 4437 inne·

232 4494 312 4552 aas,
340 4468 499 4538 indomiti
513 4465 676 4554 serocitate
690 4467 857 4563 satigant.
881 4471 1000 4538 Omitto

232 4570 345 4640 anulos
381 4569 556 4640 enormibus
588 4569 753 4644 adhibitos
789 4570 1000 4666 margaritis.

233 4673 400 4740 Praetereo
428 4670 553 4765 uirgas
565 4720 577 4754 ,
614 4699 680 4743 uon
714 4670 786 4766 sam
812 4698 889 4744 auro
910 4699 1001 4767 gem-

235 4768 352 4863 misque
386 4769 586 4864 conspicuas,
622 4773 683 4864 sed
699 4773 868 4869 sepultas.
895 4778 1000 4845 Num·

1258 4161 1429 4243 remordet,

1159 4260 1288 4338 Vicinas
1314 4262 1428 4360 quibus
1464 4263 1510 4351 ιβ
1540 4263 1684 4353 sladium
1707 4267 1873 4340 devincere

1156 4385 1402 4584 Depre’ssiiifqiu
1427 4468 1527 4540 larem
1546 4466 1659 4565 spoliis
1697 4467 1874 4545 hincinde

1153 4565 1369 4758 Suslenctoddelis
1380 4711 1827 4736 ···········

234 4896 330 4965 quarn
366 4889 444 4940 certe
481 4869 597 4964 vidrffe
622 4900 670 4944 me
706 4877 836 4947 memini
860 4873 1000 4966 Pontifi-
1102 4873 1226 4974 Itaque
1253 4890 1339 4951 tunc
1365 4875 1464 4953 Galli
1492 4878 1635 4957 aedibus
1670 4879 1868 4957 humilibus·

234 4971 316 5042 cales
342 4968 466 5043 baculos
490 4991 558 5042 tam
581 4974 727 5048 continno
751 4977 913 5050 radiantis
934 5003 999 5048 me·
1101 4977 1287 5061 contenti,
1332 4977 1429 5057 suam
1464 4982 1617 5082 gloriam
1642 4983 1867 5058 collocabant

1180 5079 1319 5176 Nna⁴
1776 5078 1817 5160 in
