4216 6014
291 358 373 450 rsa
562 329 1533 454 ANTQUJT.Mtt³11AtVr
1719 355 1806 456 360

227 449 345 527 ariana.
385 451 423 529 Si
458 451 511 529 ita
538 451 836 557 interpungendus
863 454 908 528 cst
934 455 988 525 lo·
1032 474 1064 546 Α
1100 469 1203 539 tent,
1230 448 1307 526 fieri
1336 453 1399 526 trix
1427 452 1603 553 potuille,
1629 470 1669 531 ut
1694 459 1866 556 posterio-

227 578 287 626 cus
315 555 400 641 ille.
431 577 564 657 praeter
582 559 806 638 Geminiauae,
833 582 853 628 u
880 556 988 653 pello·
1099 579 1176 626 rum
1223 555 1424 627 Seculorum
1476 555 1644 654 impostor
1692 557 1731 632 in
1769 559 1862 635 illud

225 655 362 732 tionem
391 686 531 758 quoque
567 660 742 729 Frexianae
777 682 816 729 ea
842 583 988 728 &vitas
1100 654 1360 731 Testamentum
1382 655 1574 754 conjiceret
1593 656 1795 735 Civitatem
1815 660 1865 734 il-

225 756 387 836 detulisse
427 764 586 833 videtur.
634 761 709 857 Ego
750 776 869 830 tamen
914 780 987 830 cem
1099 758 1196 841 lam,
1236 757 1334 854 cujus
1360 781 1380 828 e
1406 775 1508 830 tanto
1544 777 1704 858 tempore
1731 790 1775 836 ne
1802 788 1865 836 ve-

225 858 369 936 dubiam
398 863 582 954 relinquo.
615 863 733 954 Atque
760 858 843 931 hinc
877 858 987 931 ettam
1098 857 1198 956 lligia
1238 856 1381 957 quidem
1433 856 1613 929 ruinarum
1659 859 1865 958 supersunt.

225 960 366 1036 haurire
393 959 530 1032 fortslle
560 962 754 1056 possumus,
792 986 853 1032 cur
879 961 985 1049 Ripa·
1100 959 1343 1056 Progredior,
1387 955 1711 1039 demonstraturus,
1758 964 1865 1065 longe

226 1065 275 1134 eia
311 1063 326 1147 s
343 1088 433 1133 nunc
478 1064 642 1143 Rivara,
685 1062 784 1133 Vlla
825 1061 862 1133 in
904 1087 987 1158 agro
1096 1058 1204 1130 latius
1245 1057 1432 1130 excurrille
1471 1056 1561 1131 olim
1605 1055 1862 1157 Comitatum‚

225 1161 344 1235 saneti
388 1161 548 1262 felicis)
591 1191 633 1236 eo
674 1164 819 1234 nomine
859 1162 988 1234 donata
1098 1155 1166 1230 stre
1214 1183 1335 1257 agrum
1363 1154 1563 1234 Civitatis
1620 1158 1862 1238 Mutinenfis.

225 1259 358 1336 fuerit:
384 1291 513 1360 ¹nempe
541 1266 634 1358 quod
661 1264 750 1336 olim
779 1261 870 1335 foret
898 1265 988 1354 Ripa
1098 1260 1203 1352 Quod
1226 1317 1234 1345 ‚
1260 1286 1474 1358 quamquam
1502 1259 1594 1335 infra
1621 1261 1659 1333 in
1681 1263 1861 1336 Dilsettat.

225 1366 434 1444 Scultennam
466 1392 484 1438 a
512 1390 583 1465 quo
611 1387 727 1438 tamen
757 1358 989 1435 fluvio'nune
1029 1408 1058 1479 Β
1100 1365 1269 1434 XXXIV.
1299 1369 1347 1434 De
1376 1363 1552 1457 Diplomar.
1587 1359 1649 1435 fim
1690 1361 1862 1460 fignifica-

228 1465 370 1562 aliquot
395 1464 512 1539 stadiis
539 1465 660 1540 distat.
692 1471 787 1539 Haec
815 1461 991 1537 adnotaffe
1067 1479 1217 1546 -turus,
1253 1489 1347 1540 nunc
1387 1463 1528 1537 uberibs
1565 1464 1611 1537 est
1649 1460 1862 1540 confirmen-

227 1565 328 1664 juvot
358 1567 418 1639 ed
469 1567 686 1640 illustrandos
733 1558 1018 1637 Mutittertlsum¹
1097 1563 1207 1638 dum.
1248 1565 1347 1639 Inter
1382 1591 1506 1665 paucas
1534 1565 1753 1640 celeberrimi
1782 1571 1861 1641 No·

143 1760 146 1766 Ι
223 1693 300 1756 res,
342 1667 456 1741 immo
482 1666 521 1741 &
548 1666 672 1743 Caroli
700 1664 825 1765 Magni
856 1667 992 1739 tabulas
1071 1597 1282 1758 luuntulenl
1302 1665 1527 1748 Monallerii,
1549 1665 1862 1766 quaesupersunt,

225 1769 434 1868 postremas,
472 1769 511 1842 in
547 1770 675 1859 quibus
702 1766 805 1868 hujus
830 1768 992 1840 Civitatis

228 1875 343 1943 Novae
370 1869 506 1945 mentio
532 1872 599 1946 est.
626 1871 701 1965 Qui
729 1870 810 1944 illas
836 1866 911 1942 fatti
936 1868 954 1941 l
974 1912 991 1924 -
1027 1924 1030 1930 .

226 1968 387 2072 spicione
421 1969 694 2074 resperserunt,
734 1969 849 2048 secum
889 1996 992 2072 repu-

1097 1769 1338 1848 membranss‚
1364 1766 1453 1840 hanc
1479 1766 1668 1865 descripsi,
1704 1767 1865 1864 appolrte
1927 1825 1929 1829 Α

1098 1864 1141 1940 ud
1169 1891 1241 1939 rem
1268 1866 1444 1945 nostram,
1485 1893 1529 1937 ex
1555 1865 1785 1964 apographo,
1825 1881 1866 1942 ut

1104 1965 1197 2042 mihi
1224 1965 1338 2041 visum
1364 1963 1438 2054 etl,
1466 1965 1685 2064 pervetusto.

228 2201 446 2322 Magnifice
474 2206 671 2295 bonorum
701 2175 866 2293 donatio
896 2201 998 2291 lulla
1038 2198 1326 2287 Nonaotuleno
1364 2195 1645 2310 Monesterio,
1690 2198 1729 2282 bc
1775 2158 1860 2283 Aa·

169 2323 171 2326 ’
346 2321 470 2414 selmo
511 2324 683 2434 Abbati,
723 2327 958 2435 aJobsnne
994 2326 1103 2405 Duce
1134 2321 1223 2405 Ursr
1257 2316 1375 2404 Ducis
1407 2313 1520 2429 filio,
1565 2319 1604 2402 8(
1648 2311 1745 2403 Urit

608 2442 691 2555 ejus
720 2441 847 2530 sorore
877 2434 1201 2547 Sanblimonieli‚
1222 2429 1366 2523 'Anno
1396 2451 1495 2550 776.

278 2692 316 2757 N
338 2685 463 2757 nomine
488 2685 621 2756 namins·
645 2685 710 2758 Dei
734 2689 917 2761 salvareris
936 2715 992 2759 ne-

293 2786 357 2872 stri
373 2790 456 2876 Jesu
495 2786 616 2873 Cbristi
626 2843 636 2877 ,
675 2809 827 2886 regnante
872 2796 993 2862 Damno

205 2886 330 2974 moseo
365 2887 487 2961 Karolo
531 2887 713 2981 sereniffimo
739 2898 850 2985 Rege,
890 2898 993 2963 Anno

227 2991 390 3071 Secunde,
415 2988 467 3059 die
492 2994 586 3060 Sento
612 2989 735 3074 Mensis
762 2991 885 3064 Marcii
897 3004 913 3074 ,‘
936 2996 992 3063 ln-

125 3125 128 3129 ,
227 3088 367 3161 diblione
410 3097 451 3184 Q
470 3142 627 3165 .....
671 3092 810 3167 decima.
858 3093 993 3167 Domino

138 3299 143 3308 Ι
224 3189 338 3283 sanilo
365 3192 412 3272 ὅγ’
438 3192 616 3263 venerabili
642 3194 835 3277 Monaslerio
856 3194 992 3265 santa

229 3318 301 3363 eum
325 3296 569 3383 Apostolorum,
596 3294 643 3380 &f
669 3295 788 3383 Christi
809 3293 1011 3388 Consessoris‘

228 3393 404 3480 Silveslri,
431 3394 496 3466 situ
526 3397 759 3475 Nenentula,
788 3401 881 3496 Pogo
909 3401 993 3471 Pet-

229 3490 344 3565 seceta'
355 3544 366 3580 ‚
393 3493 577 3565 territorio
603 3490 834 3575 Motincnle,
861 3498 905 3565 (9¹
923 3549 932 3569 .
952 3550 991 3570 ..

1019 2693 1070 2846 sC

1107 2685 1195 2758 milis
1220 2685 1359 2759 Ancilla
1384 2681 1527 2772 Chrisli,
1552 2677 1757 2774 praesidentia
1779 2675 1865 2760 Dei,

1105 2809 1203 2879 prono
1235 2787 1342 2861 anime
1381 2783 1428 2863 &¹
1457 2785 1633 2882 spontanea
1658 2784 1757 2869 nostra
1782 2777 1865 2851 bone

1106 2890 1294 2976 voluntate,
1320 2888 1409 2959 nulle
1432 2886 1559 2982 penitus
1577 2904 1698 2981 cogente
1716 2900 1773 2954 eut
1785 2880 1865 2974 sua-

1106 2991 1199 3060 dente
1223 2992 1278 3059 vel
1303 2990 1373 3061 vim
1399 2989 1569 3078 inserente,
1589 2987 1648 3075 sed
1668 2981 1772 3070 neslra
1794 3001 1867 3074 pre-

1103 3092 1174 3182 prie
1215 3091 1463 3170 deliberacione,
1506 3095 1552 3161 ad
1575 3085 1772 3164 luminaria,
1812 3083 1869 3154 vel

1106 3192 1162 3283 usu
1183 3192 1393 3284 serviencium
1415 3185 1553 3282 predibli
1575 3184 1787 3273 Meneslerii,
1807 3183 1868 3275 sere

1098 3293 1263 3384 stipendia
1295 3315 1467 3389 pauperum
1498 3290 1633 3362 debeant
1668 3284 1867 3376 minislrare,

1105 3424 1127 3468 a
1150 3394 1285 3486 presenti
1301 3396 1355 3466 die
1372 3397 1546 3478 donamur,
1573 3387 1751 3480 eredimus,
1777 3413 1870 3458 man·

1094 3496 1243 3583 eipamur
1269 3524 1305 3567 ae
1329 3497 1502 3580 cedimus‚-
1522 3489 1572 3572 (θ’
1597 3490 1644 3564 in¹
1655 3489 1733 3583 sura
1751 3489 1867 3583 supra-

228 3611 350 3684 regente
384 3589 439 3658 vit
467 3590 664 3680 eeaeiffimu
699 3593 888 3668 Anlelmus
914 3599 993 3669 Ab·
1028 3600 1067 3695 *D
1098 3596 1213 3690 scripti
1239 3597 1428 3686 Monaslerii
1451 3592 1690 3688 transcribimus
1708 3590 1866 3688 poffiden-

228 3692 291 3765 hus
314 3686 433 3784 preesse
451 3689 602 3764 viderur.
630 3697 697 3762 Nos
721 3695 845 3790 quidem
863 3694 994 3787 Joltan·

230 3818 292 3866 nes
333 3788 475 3865 illustris
513 3795 617 3875 Dux,
662 3791 710 3876 ἰν
749 3795 843 3871 Ursa
878 3796 993 3874 sorore

229 3919 331 3973 mea,
356 3893 504 3967 Ancilla
530 3891 661 3971 Christi
676 3950 688 3983 ,
728 3898 824 3975 filius
850 3927 889 3974 ac
917 3898 992 3975 filia

224 3990 366 4072 Utsoni
394 3997 470 4064 bone
495 3998 637 4069 memorie
661 4003 817 4094 presentes
840 4003 994 4101 presenti·

228 4095 466 4188 bussalutem.
503 4096 617 4167 Niebil
650 4100 707 4190 esse
742 4109 915 4194 credimus,
942 4108 1009 4177 ni·'

228 4201 354 4299 ebilque
394 4196 549 4286 illuslrius
588 4198 761 4301 humanum
784 4209 874 4298 poffit
894 4233 995 4301 genus

230 4306 305 4377 beni
329 4301 462 4399 aliquid
478 4302 669 4394 *promereri
702 4328 797 4399 quam
822 4325 858 4372 ur
881 4306 995 4399 primi-

228 4425 286 4476 ·tus
326 4400 476 4499 premissa
518 4425 596 4478 vete
615 4405 761 4497 solvere.
805 4406 896 4502 ,Quia
921 4434 995 4480 nam

1103 3699 1179 3766 dum
1205 3699 1332 3792 aliquid
1365 3729 1402 3772 ere
1430 3702 1526 3772 *rebus
1550 3694 1680 3780 neslrit.
1721 3688 1803 3777 idest
1827 3690 1863 3761 ltt

1103 3799 1219 3887 Casale
1244 3801 1363 3871 Sociale
1378 3847 1394 3890 ‚-
1425 3808 1514 3894 Pago
1537 3793 1760 3871 Montebelie,
1800 3789 1866 3861 ali-

1103 3924 1177 3971 vero
1202 3904 1411 3993 circumdare,
1436 3903 1518 4000 qued
1541 3897 1630 3970 nobis
1656 3892 1787 3968 obvenit
1807 3913 1866 3984 pro

1103 4009 1184 4074 dono
1208 4002 1257 4084 ἶν’
1280 4025 1421 4096 precepto
1444 4059 1456 4079 .
1482 4056 1492 4077 .
1518 4054 1529 4075 .
1554 4050 1565 4073 .
1592 3999 1638 4072 ael
1676 3995 1868 4093 proprietate

1104 4105 1229 4190 noslra.
1281 4113 1330 4179 Et
1367 4109 1522 4179 donamus
1559 4108 1688 4175 Curtem
1733 4098 1867 4184 noslrans

1104 4209 1246 4278 Pericula
1267 4209 1322 4277 rin
1349 4208 1530 4307 integmrm,
1568 4201 1620 4283 (φ-
1656 4207 1783 4273 Certent
1807 4221 1866 4265 no·

1097 4307 1198 4394 sirum
1237 4310 1413 4399 Italusue,
1457 4308 1564 4383 omitia
1603 4304 1636 4378 iu
1682 4301 1868 4393 integrum,

1106 4405 1154 4484 ἴθ’
1179 4409 1265 4497 casas
1290 4409 1483 4506 masariciae
1507 4412 1553 4483 ad
1575 4405 1714 4481 eamdem
1737 4404 1871 4473 Curtem

227 4505 426 4599 fragilitatis
467 4506 566 4592 naslre
589 4535 745 4582 ¹memores
781 4507 993 4592 incommoda,
1030 4513 1079 4585 E!
1101 4510 1295 4606 pertinenter
1319 4566 1329 4587 .
1357 4569 1366 4586 .
1392 4568 1402 4587 .
1429 4565 1439 4586 .
1466 4511 1514 4594 ἐφ’
1540 4531 1627 4582 terra
1650 4504 1751 4592 nesea
1771 4500 1873 4588 lltm‘l

229 4625 288 4700 per
321 4627 395 4700 quot
431 4628 514 4679 torus
556 4632 635 4701 pene
669 4613 796 4704 patitur
823 4615 994 4699 Mundus,
1074 4575 1301 4694 inuentibus,
1342 4615 1462 4703 seilicet
1501 4619 1622 4708 Campo
1649 4605 1775 4695 Vinii,
1823 4600 1874 4684 l&

231 4705 273 4777 sle
299 4706 454 4798 repentini
468 4743 469 4746 ¹
485 4709 604 4787 casibus
627 4712 751 4808 sortasse
775 4713 995 4802 preveniamus

231 4834 291 4891 ea,
317 4831 375 4902 que
401 4806 533 4900 nosipsi
551 4814 620 4880 Deo
636 4862 646 4881 .
662 4864 672 4884 .
686 4865 719 4886 ..
745 4817 904 4910 efficimus
923 4842 993 4888 ora-

1105 4715 1310 4809 Grazonirica
1336 4717 1380 4786 (9⁴
1404 4771 1414 4790 .
1442 4771 1452 4792 .
1478 4769 1488 4790 .
1516 4770 1525 4789 .
1553 4716 1647 4810 usque
1670 4709 1770 4780 Silva
1790 4710 1877 4777 Mu*

1100 4815 1193 4910 jora,
1220 4843 1276 4913 que
1300 4839 1431 4892 vocatm
1457 4817 1654 4903 Braiolarn,
1695 4835 1793 4908 quam
1815 4810 1874 4878 de·

231 4913 317 4984 culo.
355 4915 432 5006 Qua
456 4913 497 4979 rle
527 4934 560 4979 re
585 4937 660 4993 nos,
694 4915 755 5009 qui
770 4916 896 5010 supra,
928 4925 960 5010 J
961 4945 995 4987 e-
1104 4917 1241 4988 vicimus
1274 4946 1328 5016 ego
1362 4922 1407 4991 (θ’
1442 4918 1566 5016 genitor
1601 4939 1686 4987 meus
1709 4933 1768 5010 pm
1789 4907 1873 4978 Pla-

231 5014 352 5090 ltattrttt
376 5018 474 5100 Dux,
511 5007 559 5093 (Υ
587 5013 667 5110 Ursa
698 5016 786 5113 soror
810 5045 905 5115 enea,
932 4979 1028 5094 lau—l
1074 5001 1167 5092 lciro
1190 5020 1318 5118 Papia,
1343 5019 1433 5119 cujus
1458 5021 1613 5094 lareribus
1632 5017 1733 5111 suut,
1759 5037 1780 5082 a
1804 5010 1871 5078 Le·

1733 5134 1821 5186 vill!-
