4216 6014
606 301 980 400 orssuararro
993 292 996 299 ·
1009 301 1528 397 rrorsmarrrrraa
1617 303 1620 308 ·
1733 325 1842 428 ,46
1905 248 1908 256 ’

249 352 251 358 ’
298 340 387 433 545
587 427 596 445 ,
813 425 823 444 ,
1297 423 1306 443 ,
1419 415 1421 420 .
1598 418 1639 431 ..

226 425 316 519 thre
356 430 462 534 pabit
496 431 685 507 hommum
724 425 880 526 probatas
911 445 1018 524 atque
1055 429 1091 502 A
1129 453 1202 503 rem
1224 423 1369 501 restrum
1396 423 1557 509 suanam,
1579 427 1802 505 attonsurae
1824 427 1896 504 sor·

224 530 424 612 ›sanblitan
451 541 663 610 Ratramuus
686 527 907 629 Corbejenfis
930 535 1017 605 Mo·
1129 555 1223 604 marn
1243 526 1442 612 servarent,
1461 549 1503 603 ut
1520 529 1590 605 sese
1610 556 1631 604 a
1649 531 1798 630 reliquis
1819 535 1896 609 Na·

235 636 489 713 uachus·Lib.
514 663 551 734 4.
577 632 669 736 Cap.
698 657 732 731 ς.
766 633 895 731 Operis
931 659 1017 708 con·
1125 632 1287 707 tionibus
1313 627 1591 731 distinguerent.
1634 655 1644 677 ⁴

234 753 291 816 tra
318 744 534 820 Graecorum
560 735 744 838 oppofita,
778 734 869 810 editi
895 762 916 810 a
943 739 1017 809 Da·
1177 734 1238 810 Ad
1275 731 1528 834 Langobardos
1563 734 1695 813 redeo.
1732 737 1796 814 illi
1832 736 1895 815 ubi

236 840 390 927 sberio,
429 839 571 917 sutilem
612 839 678 915 bac
712 838 756 915 de
791 865 829 913 re
869 838 1016 913 illorum
1125 832 1335 913 Arianismo
1369 834 1532 938 abjurato
1560 839 1786 940 Religionem
1816 837 1893 918 Ca-

238 945 454 1020 calumniam
475 942 632 1035 refellit,
650 941 753 1017 fimus
781 940 951 1041 prodens,
971 965 1016 1015 ne
1126 938 1299 1014 tbolicam
1339 934 1380 1014 δι
1421 943 1535 1040 Leges
1579 940 1738 1040 amplexi
1779 942 1893 1034 sunt,

236 1046 330 1142 apud
364 1047 518 1124 Latinos
553 1045 698 1146 quidem
731 1042 893 1120 Clericus
928 1068 1015 1117 con·
1125 1059 1233 1134 tunc,
1260 1060 1303 1116 ut
1327 1038 1380 1115 ita
1405 1039 1547 1128 dicam,
1574 1041 1751 1127 cicurati‚
1779 1045 1892 1142 pieta·

237 1146 386 1224 stantem
431 1146 531 1224 fuiffe
575 1146 748 1248 ejusmodi
790 1142 1014 1220 consuetudi·
1124 1144 1199 1236 tis,
1226 1137 1463 1236 clementiae,
1496 1141 1672 1246 justitiae,
1700 1169 1740 1219 ac
1766 1145 1892 1222 buma-

236 1274 348 1325 nem.
383 1252 514 1343 Certe,
539 1267 581 1324 ut
606 1249 751 1355 vidisti,
779 1247 930 1322 Barbam
958 1273 1015 1322 ra·
1122 1245 1251 1323 nitatis
1275 1243 1468 1347 operibus,
1500 1271 1581 1321 curn
1608 1246 1690 1323 aliis
1718 1248 1892 1324 Nationi·

234 1350 368 1427 debant
402 1352 601 1426 Monacbi.
639 1354 815 1424 Attamen
851 1350 1013 1448 Angelus
1054 1362 1084 1433 Β
1122 1352 1187 1425 bus
1213 1366 1419 1429 certarunt,
1455 1348 1508 1422 ita
1534 1367 1576 1423 ut
1601 1347 1639 1422 in
1666 1375 1789 1425 eorum
1818 1355 1889 1426 Rc-

236 1451 282 1528 de
309 1459 412 1530 Nuce
437 1454 477 1529 iu
505 1451 684 1529 Notisad
707 1454 796 1549 Cap.
818 1475 878 1548 24.
904 1449 1012 1527 Vitae
1121 1477 1219 1551 gno,
1248 1447 1288 1524 ἃ
1315 1448 1376 1523 sub
1402 1448 1560 1548 ipsorum
1588 1453 1773 1625 Regibus,
1803 1453 1892 1529 bene
2033 1533 2035 1536 ,

238 1554 361 1632 sautu
387 1554 598 1639 Benedisli,
625 1556 747 1629 Tomo
774 1555 840 1627 tv.
868 1556 947 1627 Rer.
975 1556 1011 1625 1-
1122 1552 1262 1651 Populo
1287 1548 1415 1642 suerit.
1451 1553 1539 1624 Illos
1574 1542 1637 1651 p‘ro
1655 1552 1734 1628 eslo
1767 1552 1889 1631 saevos

236 1658 339 1744 talic.
374 1655 655 1757 antiquissimam
693 1654 868 1754 pisturam
905 1653 1009 1729 exhi·
1120 1683 1160 1732 ec
1176 1650 1419 1733 intolerandos
1436 1652 1589 1730 Romani
1612 1652 1792 1730 interdum
1811 1655 1889 1731 sen·

239 1759 321 1840 bet,
347 1758 475 1858 inqua
496 1758 642 1833 Sanblus
664 1757 760 1833 idem
783 1754 1009 1840 Patriarcha,
1119 1758 1214 1836 sere.
1251 1754 1317 1833 Sed
1344 1752 1439 1828 nibil
1466 1754 1509 1829 ab
1535 1752 1582 1828 iis
1611 1753 1759 1848 aslum,
1789 1758 1887 1856 quod

239 1884 281 1936 ac
316 1858 493 1951 Iohannes
528 1856 723 1934 Casrnenfis
763 1858 886 1932 Abbas
921 1863 1010 1930 Bor-
1117 1888 1189 1936 non
1207 1861 1243 1933 bc
1264 1854 1412 1932 aliarum
1433 1855 1596 1958 gentium
1617 1861 1729 1959 Reges
1751 1857 1791 1933 in
1812 1859 1889 1933 bel-

238 1965 313 2036 ham
349 1963 516 2042 rotundam
554 1958 782 2059 praeferunt,
818 1959 932 2034 immo
969 1955 1009 2034 δι
1115 1966 1232 2041 lorum
1259 1961 1419 2038 tumultu
1446 1984 1486 2033 ac
1522 1957 1620 2035 rabie
1646 1959 1813 2062 egerint,
1850 1962 1887 2035 δι

238 2061 435 2157 Mystaces.
468 2063 655 2137 Goldastus
680 2087 823 2160 quoque
858 2062 897 2136 in
930 2065 1009 2135 No·
1116 2066 1249 2141 millies
1276 2062 1396 2163 polica*
1416 2057 1600 2136 stastum
1627 2062 1671 2137 ab
1696 2061 1805 2146 aliis,
1832 2062 1891 2138 uti

239 2163 289 2241 tis
307 2165 351 2238 ad
372 2164 496 2238 Vitam
516 2160 644 2239 Caroli
664 2161 793 2265 Magni
817 2159 905 2237 haec
923 2159 1010 2237 scri·

1115 2164 1272 2242 Historia
1298 2188 1363 2239 nos
1390 2161 1538 2238 edocet.
1577 2162 1884 2265 Inhiarunthuo·

238 2264 318 2342 bit:
359 2266 552 2359 Rarrffimae
579 2292 712 2362 eramque
741 2265 821 2356 surr
845 2267 887 2336 dr
913 2285 1008 2337 vetu-
1047 2259 1082 2345 (3
1116 2268 1205 2345 tidie
1223 2264 1373 2350 Graeci,
1390 2287 1498 2361 quum
1514 2264 1607 2340 vires
1630 2262 1885 2367 suppetebant,

231 2366 297 2458 Jlr't
322 2367 548 2440 Mesochorum
583 2367 804 2465 imaginibus,
839 2391 920 2463 quor
954 2392 1009 2464 ego

238 2470 492 2568 quamplurimas
525 2467 629 2551 vidi,
664 2495 745 2566 quar
778 2467 911 2541 barbam
947 2495 1008 2540 nor

234 2569 439 2671 praesuunt.
463 2572 559 2670 Ergo
584 2595 648 2670 pro
668 2588 868 2743 temporum
888 2596 929 2643 ac
953 2571 1008 2643 lo-

239 2695 362 2747 corum
393 2668 567 2745 varietate
596 2669 694 2747 varia
747 2671 841 2746 uerit
876 2671 1008 2745 Barbae

239 2793 302 2849 aut
334 2770 568 2862 nutriendae,
603 2789 664 2847 aut
699 2771 894 2849 caedendae
921 2798 1008 2846 con-

238 2873 431 2968 suetudo..
449 2873 514 2948 Sed
544 2875 580 2948 &
607 2874 752 2951 Graecis
787 2873 858 2948 alia
887 2872 1008 2948 tonsu-

239 3003 298 3053 rae
324 2975 417 3051 ratio
444 2973 540 3050 fuit:
578 2977 675 3073 quod
700 3001 746 3051 ex
772 2973 918 3075 Epistol.
948 2979 1008 3051 88.

238 3076 387 3155 Codicis
410 3072 579 3153 Carolini
606 3077 763 3159 constat,
783 3076 911 3176 scripta
935 3079 1007 3151 Ca·

238 3180 318 3257 tolo
354 3183 492 3280 Magno
528 3178 572 3252 ab
607 3178 794 3254 Hadriano
830 3177 861 3254 l.
888 3181 1008 3274 Papa,

1114 2370 1156 2446 ad
1173 2367 1488 2470 Langobardorum
1504 2364 1715 2460 interitum,
1734 2368 1773 2443 in
1794 2394 1885 2470 quos

1113 2475 1230 2550 veluti
1257 2469 1383 2545 Italiae
1411 2466 1631 2568 usurpatores
1657 2467 1884 2546 internecino

1113 2574 1200 2667 odio
1240 2570 1472 2648 serebantur.
1515 2567 1679 2645 viciffim
1721 2577 1806 2646 verb
1848 2571 1885 2644 δι

1113 2673 1367 2775 Langobardos
1407 2668 1610 2746 solicitabat
1646 2671 1776 2772 cupido
1802 2670 1885 2747 sub-

1112 2778 1218 2853 dendi
1246 2775 1309 2851 fibi
1336 2773 1577 2849 Exarchatum
1613 2777 1884 2868 Ravennatem,

1114 2882 1292 2955 Ducatum
1330 2879 1558 2955 Romanum,
1595 2874 1819 2973 Neapolim,
1846 2903 1885 2954 a·

1112 2978 1247 3078 liasque
1282 2976 1482 3052 maritimas
1514 2974 1657 3054 Urbes,
1696 2976 1809 3051 adbuc
1845 2978 1886 3053 in
1980 2977 1984 2993 '

1113 3083 1327 3157 Graecorum
1355 3075 1425 3151 fide
1451 3073 1670 3165 constantes,
1701 3101 1744 3150 ne
1771 3075 1883 3154 bosles

1113 3182 1250 3257 diutius
1278 3183 1316 3257 in
1347 3177 1418 3251 finu
1448 3173 1645 3250 haberent.
1677 3177 1775 3251 Hinc
1807 3180 1883 3253 bel-

238 3309 283 3356 ex
310 3306 380 3378 qua
405 3277 672 3377 intelligimus,
703 3277 912 3352 Arichisum
937 3279 1009 3351 Ιι·Ι
1046 3296 1082 3366 D
1113 3285 1176 3376 la,
1212 3283 1296 3358 hinc
1323 3276 1547 3358 incendia&
1577 3276 1718 3353 clades.
1754 3278 1887 3354 Acces-

238 3396 482 3461 ueventanum
523 3382 660 3452 Ducem
703 3378 762 3455 seu
804 3377 1007 3478 Principem

239 3483 286 3558 ab
323 3482 540 3573 Imperatore
566 3480 704 3556 Graeco
740 3479 877 3583 petiill'e
911 3481 1006 3554 auxi·

239 3584 321 3656 rium
358 3579 407 3662 (θ’
442 3585 585 3656 bonarum
608 3582 807 3657 Patricium
839 3591 907 3656 arno
939 3611 1008 3655 cum

238 3691 370 3764 Durata
394 3685 609 3778 Neapolitano
625 3682 688 3777 sub
713 3685 918 3784 integritate.
943 3690 1008 3757 Pro

239 3812 366 3887 quote
393 3785 579 3885 pollicitus
605 3785 652 3860 est
677 3784 712 3862 ei
739 3808 808 3862 tam
836 3788 871 3860 r'rr
900 3788 1006 3880 tonsu·

239 3916 310 3980 ro,
345 3892 442 3986 quim
477 3894 512 3960 r'rr
550 3887 693 3978 vallibus
728 3889 787 3982 osu
820 3895 1008 3963 Graecorum

237 3991 389 4090 perfrui,
419 3987 481 4082 [ιώ
514 3987 653 4083 eiusdem
679 3991 880 4083 Imperatoris
907 3992 1007 4063 dirio-
1035 4013 1037 4016 ·

174 4086 177 4092 ’
241 4119 307 4166 rre.
335 4088 475 4164 Deinde
501 4087 648 4164 subdit:
676 4097 767 4162 Hace
789 4090 922 4162 audiens
948 4117 1008 4163 au-

1114 3383 1156 3459 srt
1181 3386 1215 3459 δι
1244 3388 1458 3463 Graecorum
1487 3376 1644 3479 ipsorum
1673 3378 1822 3456 saevitia
1846 3383 1884 3457 bc
2016 3429 2020 3439 ·

1114 3486 1328 3583 impotentia
1364 3484 1403 3605 in
1440 3489 1622 3654 Romansos
1652 3480 1882 3658 goupfices,

1113 3586 1782 3789 ibriidiibblsastiisaddiseriliiseinitiitld
1796 3589 1886 3769 ‚luds

1116 3810 1329 3893 propagata.
1371 3795 1474 3887 Quae
1514 3788 1636 3862 omnia
1674 3790 1885 3890 Langobar·

1115 3894 1239 3969 dorum
1263 3897 1400 3990 Regum
1421 3890 1560 3963 animos
1579 3888 1816 3966 incenderunt
1841 3891 1886 3966 ad

1115 3993 1349 4069 invadendam
1378 3984 1612 4078 Ra'veniram,
1649 3986 1689 4064 δι
1727 3993 1769 4068 ad
1805 4011 1884 4068 ten-

1115 4096 1257 4168 tandam
1298 4094 1480 4170 obsidione
1528 4096 1726 4168 Romanam
1773 4094 1885 4191 ipsam

240 4213 304 4278 tem
330 4197 525 4286 Imperator,
551 4187 654 4278 emistt
679 4191 735 4262 r‘slr'
753 4190 827 4285 [ror
850 4197 1007 4288 Legatos,
1045 4207 1073 4276 Ε
1115 4193 1280 4298 Urbem,
1317 4197 1382 4273 Sed
1418 4195 1503 4272 hinc
1540 4194 1592 4268 eis
1631 4195 1812 4280 exitium,
1848 4197 1885 4268 δι

234 4294 358 4390 scilicet
383 4293 553 4388 ,spatarios
576 4296 680 4384 duos,
712 4291 925 4365 inditionem
950 4294 1005 4367 si·

241 4397 335 4472 ciliae
361 4403 406 4471 ad
433 4396 611 4470 Patricrrrm
637 4421 708 4468 error
735 4394 1006 4483 constituendum,

237 4499 376 4588 serentes
396 4499 500 4592 fecum
525 4497 626 4586 vestes
650 4521 728 4570 auro
752 4516 882 4588 textas,
908 4498 1009 4584 simul

244 4595 292 4675 (θ’
312 4599 470 4697 spatam,
503 4601 559 4672 vel
582 4595 760 4694 pollinem,
787 4599 831 4671 dr
852 4600 1006 4691 forcipes,

237 4695 321 4786 ficut
347 4700 401 4772 illi
434 4698 618 4791 pardinas
642 4701 813 4792 Ariebisus
840 4702 933 4774 indui
958 4699 1006 4781 (φ

242 4797 367 4873 tonderi
385 4800 545 4894 pollicitus
562 4798 690 4889 suerat.
713 4805 769 4875 En
792 4828 877 4902 ergo
898 4805 1004 4900 quim

241 4918 381 4988 tenaces
407 4900 497 4974 olim
524 4898 641 4975 sorent
667 4902 830 4977 homines
855 4904 1003 4999 ejusmo

242 5002 281 5081 di
309 5000 479 5180 rituum,1
495 5003 540 5076 ’δι
564 5002 672 5104 quim
707 5005 823 5080 sedule
849 5009 1006 5107 peculia·

301 5157 308 5169 ·
341 5110 434 5180 Your.
478 5109 518 5182 V.

1116 4301 1237 4398 Regno
1263 4295 1346 4375 linis
1375 4297 1466 4374 suit:
1497 4321 1578 4371 nam
1607 4293 1760 4369 Romani
1789 4297 1883 4369 Pon-

1113 4397 1251 4487 tifices,
1290 4428 1312 4476 a
1350 4399 1528 4476 subeundo
1563 4395 1881 4495 Langobardorum

1112 4501 1196 4604 jugo
1220 4503 1329 4578 nimis
1352 4500 1483 4591 alieni,
1510 4500 1673 4574 adversius
1694 4498 1777 4573 illos
1801 4500 1885 4603 Pip-

1111 4602 1884 4808 linilrimciiiiss'isii{wilmuiisr‘i

1111 4807 1332 4885 occasionem
1361 4806 1555 4910 conspicati
1584 4808 1755 4908 gerendae
1773 4807 1884 4881 etiam

1111 4909 1239 4987 utilius
1265 4913 1317 4988 rei
1346 4909 1452 4996 suae,
1493 4936 1563 4986 non
1594 4907 1705 4984 solnm
1739 4911 1881 5004 Lango-

1111 5010 1258 5105 bardos,
1283 5013 1340 5090 sed
1365 5016 1403 5090 &
1424 5017 1579 5092 Graecos
1598 5010 1645 5097 ab
1663 5007 1792 5084 ltaliae
1816 5004 1881 5083 do·
2039 5031 2045 5037 ·

1126 5112 1173 5190 M
1197 5135 1236 5187 sn
1708 5103 1827 5207 priua·
