4216 6014
291 341 352 441 ς,
442 315 444 318 ’
570 318 1004 447 ΑΝτιρριΤ.
1055 324 1538 419 nuntiarat
1748 363 1806 447 40
1882 421 1902 432 ,

204 444 352 519 ,Τοωο
389 450 433 519 V.
474 446 563 522 Ira}.-
591 452 682 523 Sacr.
725 447 929 548 Berengarii
966 447 996 522 Ι.
1036 453 1069 526 Α
1112 467 1328 536 occurrunt,
1368 475 1439 521 non
1479 451 1563 522 verb
1603 446 1783 542 numeris,
1822 465 1868 525 ut

230 547 359 621 ltaliae
403 548 505 645 Regis
546 552 714 624 Dioloma
751 550 913 648 legitur,
955 549 994 623 in
1109 552 1283 646 appellare
1310 548 1482 639 solemus,
1519 549 1684 624 Arabicis
1720 551 1775 624 uti
1801 579 1867 624 vo-

231 672 304 744 quo
330 651 358 721 is
383 650 532 748 largitur
552 650 708 747 Rigoldo
728 649 903 751 Episcopo
922 649 995 727 Ce·
1107 650 1251 742 luisset,
1277 675 1430 726 errorent
1456 678 1476 724 e
1504 650 1649 750 vestigio
1676 652 1872 743 deprehen,

230 749 361 822 netenfi
386 751 566 846 ponamin
590 749 701 824 fluvio
728 753 920 849 Liquentia,
947 753 995 834 ἐφ’
1108 751 1230 834 disset,
1258 780 1321 826 nec
1346 779 1473 826 annum
1501 760 1591 851 906.
1620 752 1657 824 in
1684 755 1771 850 996.
1793 763 1875 826 tam

229 851 270 920 de
294 851 450 924 anlalus
476 857 624 940 parribus
649 861 737 944 ripae
768 876 826 946 par
859 856 994 951 quinde-
1108 852 1213 927 facile
1252 855 1506 928 conuertiffet.
1555 854 1740 944 Ripaticum
1782 859 1868 928 verb

187 1022 190 1027 .
230 944 288 1025 eim
313 956 407 1043 pedes
435 955 522 1043 palis
544 951 698 1042 filasmn
725 954 864 1047 (idest,
894 959 993 1029 Pali·
1108 955 1323 1046 explicatum
1353 956 1472 1028 uideas
1498 955 1535 1028 in
1565 953 1772 1052 Diplontate
1795 959 1868 1030 Ca-

223 1053 406 1146 fiinram)
436 1057 643 1149 Ripatirum,
669 1061 838 1128 Telonnum
866 1057 938 1138 &a
958 1056 994 1132 I·
1108 1058 1176 1130 roli
1204 1057 1360 1158 Magni,
1396 1058 1490 1153 quod
1527 1082 1599 1129 non
1635 1053 1703 1128 stne
1730 1057 1869 1130 mendis

232 1154 268 1227 bi
299 1162 381 1244 verb
414 1157 576 1254 Ugbellii
606 1159 860 1259 negligentiam
888 1187 995 1241 excu-
1109 1186 1171 1256 pso
1199 1185 1294 1232 more
1322 1157 1383 1232 suo
1412 1158 1569 1254 'protulit
1604 1155 1698 1230 idern
1728 1156 1869 1255 Ugbel-

234 1254 307 1328 sare
336 1284 404 1330 non
436 1259 591 1348 poliunt,
620 1260 702 1333 dum
732 1265 901 1356 Diploma
929 1262 995 1334 boc
1107 1262 1177 1334 lius
1212 1260 1250 1334 in
1290 1259 1473 1360 Episcopis
1500 1256 1777 1333 veroneafibus.
1813 1259 1868 1332 tbi

231 1355 352 1431 datum
383 1357 504 1433 scribit
532 1366 590 1433 ΙΧ.
615 1364 780 1452 magunt,
807 1372 908 1436 Anna
930 1369 995 1434 Do·
1035 1361 1065 1433 B
1109 1362 1344 1459 praecipitur,
1371 1383 1412 1438 ut
1430 1360 1602 1436 Monacbi
1622 1358 1765 1433 sanitae
1784 1361 1869 1432 Ma·

230 1460 365 1533 minicae
386 1463 615 1535 incarnationis
637 1470 900 1536 DCCCCXcVI.
927 1473 994 1536 Re·
1108 1464 1180 1536 riae
1206 1464 1247 1538 ad
1275 1471 1456 1564 Organurn
1484 1489 1579 1557 neque
1613 1462 1765 1534 Navalia
1788 1463 1869 1533 rela-

227 1563 290 1657 gni
334 1567 452 1633 Domni
492 1568 681 1657 Berengarii
722 1567 852 1660 pirffimi
893 1567 995 1656 Regis
1108 1565 1191 1652 nia,
1217 1590 1296 1659 quae
1321 1565 1489 1655 Riparieor
1515 1586 1658 1650 vocant,
1684 1584 1779 1658 atque
1804 1583 1870 1632 ter-

230 1668 324 1736 XXI.
360 1667 538 1737 Indillinne
563 1674 622 1740 IX.
650 1671 683 1740 &
712 1667 850 1737 disertis
879 1665 994 1738 verbis

230 1781 375 1846 monet,
407 1768 584 1862 Rigoldum
621 1767 806 1842 lucceffiiic
841 1765 880 1837 in
908 1764 995 1852 Epi-

229 1862 373 1964 scopatu
400 1865 585 1941 Cenetensr
622 1872 801 1957 siccarat,
824 1865 887 1965 qui
915 1870 993 1939 An-

229 1990 278 2039 no
305 1971 595 2041 DCCCCLXII.
624 1967 766 2040 floruit.
796 1971 863 2039 vet
898 1989 995 2061 tyro·

229 2090 291 2138 nes
314 2064 459 2138 noscere
496 2067 659 2160 poliunt,
699 2071 868 2166 Diplotna
904 2069 993 2143 illud

44 2166 49 2175 ’
165 2227 168 2230 .
230 2163 451 2240 referendum
476 2167 542 2243 effe
567 2168 608 2242 ad
638 2173 897 2266 praelaudatum
928 2172 995 2246 ue-

230 2268 434 2369 rcngnrium
480 2269 626 2346 ineunte
676 2276 802 2349 Seculo
844 2274 994 2348 Decimo

229 2391 473 2470 regnantem,
514 2390 620 2470 atque
670 2372 720 2446 ibi
774 2374 992 2447 scribendum

230 2479 333 2544 Anno
361 2471 546 2548 Dominisae
571 2476 801 2545 incarnationis
830 2482 995 2547 DCCCC·

232 2577 289 2645 Vt.
317 2597 388 2643 non
417 2577 501 2644 verb
530 2576 833 2650 DCCCCXCVI.
866 2579 900 2649 Si
930 2602 996 2649 nu-

232 2691 347 2745 meros
395 2676 574 2746 Romanos
616 2675 811 2749 retinuisset
855 2677 995 2775 Ughel-

232 2771 332 2863 lius,
367 2775 488 2871 quales
522 2773 562 2847 in
588 2775 748 2876 antiquit
776 2777 995 2877 Diplomatis

1109 1664 1239 1748 restria,
1266 1692 1362 1761 neque
1397 1665 1430 1733 in
1458 1662 1646 1745 transitibus
1672 1670 1870 1755 Portarum,

1107 1765 1162 1835 vel
1188 1767 1300 1836 Pontis
1328 1765 1422 1837 Urbis
1449 1769 1607 1853 Veronae,
1629 1760 1716 1842 &a
1748 1767 1871 1859 perseia

1106 1892 1179 1937 uere
1204 1889 1373 1962 regantur.
1410 1867 1474 1938 Me
1499 1885 1617 1938 autent
1645 1889 1738 1937 nunc
1765 1867 1806 1937 ad
1834 1867 1871 1942 le

1109 1965 1241 2040 invitat
1277 1965 1458 2067 Regestum
1501 1962 1648 2037 Motum
1687 1965 1870 2066 Episcopii

1106 2065 1353 2141 Cremonensis
1371 2100 1384 2154 ,¹
1408 2068 1448 2139 in
1475 2066 1569 2163 quod
1595 2068 1684 2138 olim
1714 2071 1794 2138 coel
1813 2068 1873 2141 si-

1108 2169 1227 2241 chardi
1258 2167 1423 2267 Episcopi
1459 2165 1604 2241 circiter
1630 2169 1776 2239 Annum
1803 2163 1892 2241 M·'

1032 2255 1069 2332 C
1107 2274 1255 2344 CCXX.
1301 2269 1403 2344 illata
1449 2267 1544 2342 fuere
1584 2268 1789 2367 Diplonrata
1832 2270 1871 2342 δι

1106 2369 1264 2446 Chartae
1290 2362 1504 2470 praecipuae
1522 2370 1563 2442 ad
1591 2370 1694 2442 illurn
1722 2366 1871 2468 Episco-

1109 2491 1227 2567 pntutn
1251 2472 1464 2550 loestantts.
1493 2471 1547 2543 lbi
1567 2470 1869 2559 Constitutioncm

1106 2575 1230 2647 Caroli
1257 2572 1386 2673 Magni
1412 2599 1479 2673 ego
1499 2571 1593 2670 legi,
1620 2570 1788 2670 simulque
1808 2571 1870 2645 de-

1108 2672 1258 2773 scripit,
1306 2700 1413 2774 quant
1457 2671 1595 2772 publici
1640 2672 1727 2772 juris
1774 2697 1868 2751 nune

1107 2776 1222 2851 facio.

296 3031 297 3034 Ν
323 2991 459 3080 Caroli
491 2975 632 3110 Magni
665 3004 904 3087 Francorum
936 3004 976 3085 dr
1007 2999 1353 3109 Langobardorum
1384 2997 1507 3110 Regis
1537 2974 1781 3084 Constitutio

509 3117 558 3201 de
589 3117 718 3205 Crnlu
748 3149 772 3204 a
803 3119 1121 3206 Cornaclenstbus
1153 3117 1337 3201 {olvendo
1368 3146 1435 3233 pet
1466 3115 1594 3202 varios

748 3235 888 3324 Italiae
918 3262 1075 3352 portur,
1105 3242 1227 3322 Anno
1258 3241 1357 3350 787.

296 3463 298 3468 ’
372 3439 563 3554 constitutis
582 3442 700 3541 Karoli
717 3438 757 3542 de
775 3471 878 3563 Censu
896 3478 1060 3543 Portarum
1080 3471 1223 3559 inllisuta
1238 3455 1302 3562 prr
1313 3478 1433 3562 Regem
1452 3469 1730 3573 Liutbprandnm.
1829 3425 1832 3436 ι

332 3686 456 3755 Aratus
476 3687 590 3782 gratia
619 3687 685 3759 Dei
710 3692 784 3759 Rex
810 3695 1000 3762 Francorum
1036 3697 1071 3766 D
1110 3687 1223 3771 moliris
1250 3683 1376 3780 negotia
1401 3682 1422 3721 *
1449 3701 1629 3767 avertant,
1656 3680 1785 3754 minime
1809 3686 1869 3758 ba-

352 3783 399 3864 &
425 3790 740 3882 Langobardorum,
777 3819 813 3863 ac
838 3793 1000 3864 Patricius

235 3894 471 3963 Romanorum.
495 3890 646 3961 Omnibus
673 3893 857 3984 Epistulam,
881 3896 998 3966 adbla-

234 3984 324 4058 tibus
338 4037 349 4068 ,
386 3992 553 4078 Ducibus,
589 3993 798 4079 Comitibus,
834 3994 998 4068 aniana-

235 4088 322 4176 eiis‚
358 4088 408 4169 «ἴθ’
442 4092 573 4187 reliquia
599 4093 769 4165 fidelibus
795 4098 906 4184 nestris
930 4092 997 4172 tam

232 4189 491 4289 praesentibus„
507 4220 603 4290 quam
628 4193 677 4274 &¹
697 4195 838 4286 suturis,
864 4222 998 4293 sompes·

235 4313 306 4364 tum
323 4294 393 4382 fit,
427 4298 565 4391 qualiter
589 4298 646 4367 vis
668 4294 866 4370 venerabilis
893 4298 998 4373 Vita-

237 4393 283 4466 lis
310 4395 502 4497 Episcopus
528 4398 785 4478 comaclenfim
807 4401 933 4489 seu&
950 4429 998 4470 re·

238 4494 300 4581 ml
334 4499 471 4572 homines
498 4497 617 4592 fideles
643 4501 738 4588 nostri
772 4503 916 4572 Comaclo
940 4503 999 4572 Ci-

1108 3787 1241 3881 buiffent
1265 3786 1425 3857 licentiam
1459 3783 1669 3880 negotiandi,
1704 3787 1780 3880 quia
1813 3788 1870 3855 di·

1107 3913 1218 3963 xerant
1244 3889 1387 3960 inlicitas
1411 3915 1595 3975 stratones,
1614 3887 1668 3957 vel
1693 3886 1868 3958 violentias

1107 3995 1224 4063 multas
1247 4015 1304 4086 per
1327 3991 1464 4060 homines
1490 3989 1604 4075 nostros
1627 3989 1707 4084 palli
1734 3984 1869 4082 ftuffens

1107 4103 1152 4167 ad
1177 4099 1353 4166 Mantuam
1387 4093 1592 4178 Civitatem,
1628 4115 1781 4185 quamque
1811 4111 1870 4182 pet

1107 4189 1230 4292 reliqua
1263 4197 1361 4277 losa,
1394 4191 1441 4272 (θ’
1476 4215 1513 4265 ut
1529 4248 1533 4253 -
1547 4190 1696 4266 maiorem
1729 4189 1868 4260 modium

1108 4301 1147 4369 de
1173 4298 1248 4393 ipsa
1273 4294 1416 4367 exedere
1443 4294 1463 4333 *
1492 4293 1666 4381 recerunt,
1701 4318 1796 4386 quam
1823 4289 1868 4361 il·
1972 4286 1977 4297 ’

1108 4399 1175 4469 lius
1193 4398 1281 4488 sueti
1300 4394 1430 4489 fuissent
1456 4395 1513 4488 per
1530 4394 1647 4468 Libras
1673 4393 1870 4486 quadragin-

1108 4522 1144 4571 ta
1170 4501 1329 4594 quinque.
1366 4505 1433 4569 Nos
1466 4524 1542 4568 vero
1575 4495 1738 4568 audientes
1765 4520 1870 4566 aarum

237 4593 344 4667 vitate
368 4624 590 4674 commanentes
616 4604 727 4700 Regni
752 4604 848 4688 nellri
869 4603 999 4700 sugges-
1032 4598 1062 4667 Ε
1108 4602 1359 4693 alternationes,
1394 4596 1690 4696 pertra‘lauimus,
1730 4594 1871 4686 qualiter

231 4695 431 4788 struntses'
455 4711 538 4799 quad
547 4756 658 4778 ......
683 4727 741 4796 pes
767 4709 914 4778 Portora
932 4731 998 4778 no-

236 4794 309 4870 iira'
338 4799 429 4873 inira
469 4809 627 4904 Regnum
645 4832 675 4879 a
701 4812 769 4877 Dea
804 4808 892 4877 nolis
926 4833 998 4876 con-

238 4893 347 4994 cellum
374 4907 417 4975 θ’
441 4911 554 4978 datum
578 4907 695 4979 Italiae
722 4907 755 4976 in
782 4910 844 4977 tali
869 4931 998 4994 tenore,

231 5001 315 5088 [rtur
334 5028 394 5104 per
417 5010 587 5084 anteriores
610 5015 716 5106 Reges
739 5007 999 5107 Anteeeffsrilns
1099 5007 1181 5102 sunt
1209 5001 1332 5102 l‘llffi·
1369 5011 1417 5080 A
1443 5003 1601 5077 veteribus
1635 5021 1738 5075 auten
1774 4998 1870 5092 Miffi

1108 4701 1222 4785 Miller
1253 4700 1366 4787 naliter
1397 4723 1454 4792 per
1492 4703 1638 4770 Portora
1664 4693 1871 4768 trasmittere

1107 4802 1307 4887 deberemus,
1337 4823 1374 4872 ut
1393 4801 1434 4870 :in
1460 4795 1604 4868 omnibus
1627 4794 1793 4866 veritatem
1814 4825 1871 4868 no-

1107 4905 1156 4977 bis
1190 4904 1303 4975 exinde
1335 4901 1482 4971 indicare
1515 4896 1657 4989 debent,
1685 4896 1770 4981 ficut
1804 4897 1871 4977 nist

1721 5097 1817 5187 aaa
