4216 6014
159 414 164 420 .
213 373 365 550 jaceiiti
408 337 657 552 Apollinlaiiii
666 335 985 555 STidciniUsdtpirbdii0
1012 335 1372 530 AMstUCICiXii
1393 337 1483 531 fig
1495 338 1601 556 irari
1623 352 1854 533 casuzeisan-

213 556 298 627 Lib.
326 555 469 651 primo‚
505 556 611 652 Epist.
647 563 681 631 8.
708 558 750 630 ad
778 554 975 632 Candidia—
1086 556 1188 653 tiqua
1227 554 1403 657 dignitate
1443 557 1601 657 prolapsa
1640 561 1852 658 langueret·

211 678 297 728 num
326 653 497 730 scribens:
536 663 574 730 sn
609 685 672 754 qua
707 660 831 730 Paluda
857 657 974 740 indeli-

1086 656 1124 730 in
1151 656 1235 734 haec
1264 658 1366 732 rerba
1392 655 1596 755 respondet:
1639 662 1736 754 ,Quod
1766 683 1852 730 eom-

182 791 184 794 ·
214 775 323 825 neuter
366 784 466 828 rernm
510 760 648 830 omnium
693 761 761 856 lege
800 762 974 854 perversi,
1083 762 1237 850 probatur
1260 756 1317 853 effe
1340 759 1555 852 veriffimum,
1580 780 1618 832 ut
1641 760 1759 853 affidue
1783 784 1852 830 cer·

211 855 297 925 muri
313 862 451 939 radunt,
475 880 568 956 atque
579 862 690 947 liant,
717 881 819 930 turres
836 861 974 954 fluunt,

212 983 313 1029 naves
333 959 469 1048 sedent,
496 963 585 1056 aegri
609 963 838 1042 deambulant,
874 962 974 1031 medi-

211 1059 241 1127 ei
262 1057 372 1150 jacent
398 1061 465 1132 &a
503 1061 636 1136 Addit.
673 1069 725 1133 Tu
759 1063 837 1133 vide
871 1063 975 1156 qualis

206 1156 254 1242 fit
272 1161 425 1250 Civitas,
451 1187 530 1257 quae
553 1162 681 1252 facilius
704 1162 894 1233 territorium
918 1184 976 1253 po-

211 1258 278 1330 tuit
305 1262 435 1349 babere,
461 1268 556 1360 quim
581 1287 720 1335 terram:
746 1263 830 1335 idest
859 1263 976 1360 potius

1088 863 1197 942 nitur,
1227 859 1427 955 saepediblae
1472 860 1566 933 Urbis
1597 860 1702 953 solum
1746 859 1853 929 nimil

1086 986 1240 1057 aqrrarum
1266 961 1435 1048 insolentias
1459 964 1624 1032 enormiter
1648 981 1850 1065 occupatum,

1087 1062 1171 1132 rivis
1211 1061 1522 1156 circumfluentibus,
1562 1065 1607 1133 O*
1639 1062 1766 1158 stagnis
1810 1086 1850 1134 ese

1084 1161 1261 1251 paludibus
1286 1162 1545 1254 excrescentibus,
1587 1161 1697 1234 incolis
1712 1186 1852 1260 ¹‚quoqne

1088 1261 1324 1357 aufugientibus
1349 1263 1484 1353 noscitur
1506 1259 1564 1356 effe
1585 1263 1755 1356 desertura.
1781 1267 1851 1334 Un-

213 1357 362 1434 dicenda
388 1362 434 1436 eli
474 1367 581 1462 longe
619 1363 762 1461 quidem
790 1361 977 1435 extendere
1017 1371 1046 1440 Β
1087 1367 1127 1433 le
1161 1362 1254 1460 usque
1294 1369 1441 1452 HODlB
1475 1363 1661 1437 multimoda
1703 1363 1851 1454 lapidum

212 1457 302 1534 fines
337 1463 411 1562 agri
439 1490 480 1537 ac
507 1464 592 1563 juris
632 1463 710 1546 sui,
752 1463 808 1536 sed
850 1488 977 1561 paucos

211 1587 315 1661 agros
342 1564 490 1638 arabiles
516 1566 609 1638 intra
636 1562 722 1638 fines
748 1562 827 1638 suos
853 1589 975 1637 nume-

214 1688 314 1736 rare.
357 1666 444 1737 Pari·
463 1690 632 1764 aquarum
659 1664 892 1764 stagnantium
920 1666 978 1738 in·

215 1763 406 1837 commodo
432 1783 516 1839 tunc
543 1765 771 1840 Bononiensis
798 1792 837 1839 ac
860 1767 976 1840 Muti·

122 1860 128 1871 *
216 1862 329 1938 nensis
383 1867 458 1965 agri
517 1865 683 1967 planities
733 1855 977 1965 premebatur.

216 1967 356 2057 Nempe
392 1967 488 2040 inter
526 1967 645 2041 ambas
683 1966 897 2056 Civitates,
938 1965 978 2040 ἃ

217 2066 261 2139 ad
288 2064 398 2164 ipsam
427 2066 534 2140 Viam
562 2067 780 2149 Aemiliam,
805 2064 885 2162 ipsis
908 2073 980 2140 Ro-

219 2191 406 2242 manorum
433 2168 651 2267 temporibus
680 2172 834 2243 Nemora
854 2195 894 2241 ac
915 2172 980 2240 Pa·

1088 1465 1277 1549 monllratur
1313 1465 1493 1561 congeries,
1528 1464 1609 1554 [aaa
1645 1490 1762 1561 quoqne
1796 1463 1852 1534 in-

1083 1566 1197 1659 gentia
1210 1565 1375 1655 praerelfis
1391 1568 1548 1660 quondam
1569 1562 1726 1654 aediliciis
1743 1563 1853 1657 aptis-

1082 1662 1191 1751 fima,
1235 1689 1388 1761 aquarum
1434 1663 1563 1756 crebra,
1612 1683 1649 1736 ut
1680 1666 1850 1754 diximus,

1089 1765 1296 1836 inundatione
1309 1775 1313 1787 '
1314 1764 1475 1857 submersa
1489 1819 1498 1836 .

1141 1867 1205 1939 Sed
1232 1865 1323 1937 unde
1348 1882 1446 1937 tanta
1475 1863 1612 1937 Fluviis
1638 1861 1785 1938 licentia
1810 1890 1851 1938 ac

1090 1965 1203 2040 rabies
1229 1964 1266 2039 in
1293 1962 1550 2038 Mutinensrum
1579 1962 1736 2037 Urbem?
1764 1967 1852 2039 Mo-

1090 2085 1150 2140 net
1176 2093 1241 2140 nos
1267 2065 1413 2140 Sanblus
1448 2062 1654 2139 Ambrofius
1688 2065 1727 2139 in
1761 2063 1852 2165 Epi·

1089 2165 1164 2240 llol.
1194 2191 1254 2264 39.
1289 2166 1333 2239 ad
1375 2165 1603 2246 Faustinum,
1645 2162 1850 2241 Civitatem
1921 2179 1933 2195 ⁸

219 2268 317 2342 ludes
344 2267 599 2351 occurrebant,
626 2272 665 2342 bt
688 2268 878 2368 angustiam
904 2269 981 2341 via·
1019 2272 1052 2345 C
1089 2265 1848 2342 hanccirciternnnumccctxxxvnt

218 2394 298 2443 rum
344 2369 541 2443 faciebant.
593 2370 684 2444 Vide
728 2371 814 2469 quid
856 2369 982 2445 habeat

221 2471 335 2543 Galba
362 2471 400 2543 in
426 2470 583 2568 Epistola
618 2472 659 2542 ad
687 2472 898 2545 Ciceronem
924 2470 982 2545 iu·

222 2585 278 2644 ter
304 2570 378 2666 ejus
407 2571 613 2643 Familiares
634 2571 717 2645 Lib.
741 2595 819 2653 10.,
845 2574 880 2644 tr
905 2575 981 2669 Ap·

220 2669 345 2767 pianus
373 2670 455 2744 Lib.
476 2680 510 2765 3'.
535 2673 665 2742 Bellor'.
685 2668 888 2748 Ciuilium.
919 2675 982 2744 Pe·

1116 2393 1161 2442 uo
1186 2365 1340 2465 Epistola
1366 2367 1431 2441 illa
1458 2366 1655 2467 conscripta
1673 2366 1847 2450 creditur,

1089 2395 1330 2542 iemidirutam
1358 2468 1518 2568 jacuisse.
1559 2475 1610 2542 De
1638 2467 1850 2555 Bononiensi,

1092 2569 1238 2670 inquit,
1263 2571 1393 2640 veniens
1423 2568 1527 2658 Urbe,
1564 2598 1587 2641 a
1612 2591 1700 2666 tergo
1724 2572 1852 2644 clarer-
1933 2635 1938 2643 .

1092 2698 1187 2759 nam,
1214 2669 1314 2765 ipsam
1339 2671 1542 2750 Bononiam,
1569 2673 1759 2763 Mutinam,
1781 2680 1851 2744 Re·

219 2771 295 2872 jora
335 2795 476 2866 quoque
516 2767 802 2866 subsequentibus
829 2772 983 2847 Saeculis
1086 2773 1178 2867 giam
1196 2768 1458 2866 derelinquebas:
1484 2772 1519 2841 in
1536 2774 1752 2845 destruerat
1770 2771 1848 2843 Bri·-

221 2869 322 2945 senfit
350 2869 521 2944 Mutina:
567 2896 646 2943 nam
674 2897 763 2963 quae
789 2872 982 2947 abeodem

220 2970 391 3071 Appiano
418 2973 592 3070 appellata
619 2964 666 3046 esi
685 2976 765 3046 Urbs
784 2973 982 3067 selieiffimm

219 3093 326 3170 atque
352 3100 370 3146 a
399 3073 527 3157 Tullio
554 3073 736 3170 firmiffima
771 3073 819 3152 (γ’
839 3075 984 3172 splendi-

1091 2873 1203 2941 aillum
1217 2896 1233 2939 .·
1258 2899 1279 2942 a
1297 2870 1402 2960 fronte
1415 2870 1591 2943 occurrebat
1604 2873 1772 2944 Placentia
1781 2875 1850 2946 &n

1091 2981 1153 3044 Tot
1179 2972 1280 3068 igitur
1298 2972 1521 3061 semirutarum
1548 2974 1677 3045 Urbium
1711 2975 1850 3047 cadave-

1091 3101 1148 3160 ra,
1175 3093 1385 3168 terrarumque
1405 3074 1468 3164 sub
1493 3083 1594 3145 eodem
1617 3073 1777 3167 conspeslu
1795 3101 1852 3145 esc·

217 3176 345 3268 diffima
370 3176 488 3272 Populi
513 3179 654 3248 Romani
693 3176 849 3258 Colonia,
888 3178 923 3249 dt
964 3204 984 3249 a
1026 3180 1057 3247 D
1089 3173 1190 3269 pofita
1219 3173 1357 3263 funera,
1392 3200 1452 3243 non
1500 3195 1531 3245 te
1570 3174 1738 3247 admomnt
1772 3173 1850 3250 &a

221 3277 422 3375 Pomponio
458 3275 559 3350 Mela
584 3278 631 3350 ob
666 3276 886 3374 opulentiam
916 3286 984 3350 Pa·

218 3381 312 3450 savia
338 3380 373 3449 ἃ
400 3380 563 3450 Bononiae
598 3395 771 3474 aequata,
812 3377 983 3476 tempori-

221 3477 285 3550 bus
314 3476 506 3548 barbaricis
532 3475 574 3547 ad
602 3501 658 3557 eas
685 3475 904 3550 calamitates
923 3476 983 3549 ad·

221 3575 325 3648 dubis
352 3574 417 3654 cll,
459 3591 545 3647 uta
571 3570 759 3646 fluminum
786 3574 984 3667 eruptioni·

219 3677 310 3764 bus,
338 3672 508 3769 cursuque
534 3697 625 3774 vago
646 3671 905 3766 circumsepta,
941 3674 981 3752 dt

221 3799 384 3876 agrorum
411 3773 635 3866 cultoribus,
674 3773 788 3849 immo
815 3772 854 3851 ἃ
881 3775 983 3851 habi-

139 3935 141 3939 .
218 3875 394 3951 tatoribus
421 3900 529 3972 paene
569 3875 744 3976 spoliata,
788 3875 982 3954 diutissime

219 3975 370 4051 humilis
397 3973 437 4051 ds
464 3975 634 4072 squallida
662 3978 833 4076 jacuerit.
861 3986 983 4079 anue

1091 3275 1172 3349 Siue
1199 3301 1218 3347 a
1244 3271 1481 3350 Constantino
1505 3277 1661 3372 Magno,
1687 3269 1758 3345 sive
1784 3295 1852 3374 po·

1091 3375 1162 3450 tius
1189 3375 1284 3449 bello
1309 3375 1442 3449 recenti
1469 3401 1488 3448 a
1515 3372 1683 3448 Maximo
1707 3375 1860 3468 Tyrum

1092 3504 1138 3549 no
1173 3475 1306 3548 asilibia
1344 3475 1453 3549 fucrit
1492 3479 1666 3564 Mutina,
1692 3471 1852 3574 profebib

1092 3576 1180 3648 mire
1200 3575 1422 3648 debilitatam
1445 3594 1528 3650 tunc
1547 3574 1648 3651 illius
1670 3571 1846 3649 somonam

1091 3675 1174 3749 hinc
1215 3674 1415 3750 noscimus.
1463 3681 1511 3751 Et
1555 3703 1599 3751 ne
1638 3675 1849 3775 assum.

1090 3775 1252 3851 obssitere
1278 3775 1403 3851 deinde
1431 3777 1744 3878 Langobardorum
1774 3775 1853 3851 bel·

1091 3880 1150 3952 la:
1180 3877 1241 3951 diu
1268 3876 1363 3950 enim
1390 3876 1539 3952 Mutina
1565 3879 1626 3953 sub
1645 3876 1852 3976 Langobar·

1091 3979 1172 4052 dico
1211 3975 1364 4076 imperio
1402 3978 1589 4054 limitanea
1628 3977 1727 4054 Urbs
1754 3975 1852 4058 suits

150 4126 161 4141 ι
220 4097 295 4153 erat
321 4075 533 4153 Mutinensis
562 4078 669 4151 Urbis
694 4079 802 4155 iacies
836 4086 893 4157 vel
922 4088 983 4156 Se·
1022 4075 1052 4145 Ε
1091 4077 1302 4156 &Graecis
1330 4084 1533 4155 Ravennam
1554 4078 1593 4157 dc
1613 4078 1853 4155 Exarcbatum

219 4182 302 4256 culo
330 4184 373 4253 X.
417 4184 510 4254 Nam
548 4177 687 4250 Auiior
729 4183 835 4256 Vitae
862 4183 981 4257 Sanlii
1022 4202 1025 4207 ’

219 4280 449 4373 Geminiani,
476 4281 575 4381 cujus
602 4277 837 4378 fragmentum
860 4303 982 4380 protn-

221 4383 251 4456 li
276 4412 364 4483 ego,
394 4388 487 4458 Part.
517 4386 564 4458 11.
591 4380 703 4455 Tomi
731 4382 777 4453 ΙΙ.
806 4382 982 4457 Rem-Ita·

221 4482 321 4560 licar.
357 4511 435 4586 pag.
470 4489 555 4584 691.
581 4507 769 4582 quaerens,
810 4509 872 4556 cur
898 4483 981 4558 haec

220 4570 368 4657 Civitas
407 4585 506 4660 olim,
539 4589 659 4678 inclyta
698 4585 781 4655 inter
818 4587 983 4658 osemiliae

222 4685 341 4771 Urbes,
365 4684 501 4774 locuples
520 4688 563 4756 Θ
584 4687 800 4777 fertiliffima,
822 4685 982 4778 aedificiis

221 4805 377 4857 murorum
402 4782 451 4860 ὕφ’
465 4785 609 4856 xturrium
643 4786 886 4880 propugnaculis
921 4789 982 4860 ad·

144 4889 146 4893 '
222 4883 370 4959 miranda
395 4881 468 4962 &a
496 4910 584 4958 aevo
620 4882 701 4965 suo,
737 4883 804 4957 hoc
842 4886 888 4962 esi
913 4888 982 4963 cir-

222 4988 312 5066 citer
346 4987 494 5064 Annum
534 5014 554 5061 a
594 4985 729 5063 Christi
778 4988 983 5067 Natiuitate

1091 4182 1293 4256 tenentibus
1334 4180 1494 4282 objebia,
1535 4180 1732 4281 crebrisque
1771 4205 1853 4279 pro-

1092 4303 1207 4379 pterea
1249 4281 1351 4356 bellis
1386 4311 1426 4357 ac
1467 4284 1642 4359 aerumnis
1668 4279 1850 4357 obnoxia.

1091 4387 1210 4476 Quare
1248 4383 1300 4457 nil
1343 4384 1499 4465 mirum,
1540 4387 1563 4459 st
1605 4382 1749 4458 sublatis
1790 4398 1853 4458 aut

1092 4483 1295 4559 imminutis
1321 4512 1483 4578 agrorum
1511 4513 1550 4559 ac
1571 4485 1679 4560 Urbis
1697 4480 1855 4564 incolis,

1092 4584 1214 4659 Fluvii
1241 4585 1478 4683 circumpositi
1506 4613 1545 4660 ac
1574 4603 1747 4661 torrentes
1773 4608 1856 4658 om·

1091 4712 1151 4760 nes
1178 4713 1198 4760 a
1223 4688 1325 4762 nullo
1343 4685 1547 4780 compressi,
1572 4684 1722 4762 fortalfis
1741 4684 1856 4760 etiam

1092 4788 1134 4862 ad
1162 4785 1366 4882 praesidinm
1408 4787 1514 4860 Urbis
1556 4791 1718 4866 consulto
1752 4804 1857 4863 extra

1092 4914 1231 4987 aggeres
1256 4912 1369 4959 errare
1396 4889 1576 4982 permissi,
1615 4911 1677 4968 aut
1715 4888 1856 4982 coabii,

1094 4987 1283 5067 Paludibus
1321 5014 1363 5066 ac
1400 4993 1541 5094 stagnis
1576 4998 1741 5096 pleraque
1768 5017 1857 5071 arra

1703 5114 1806 5169 cnm-
