4216 6014
377 367 458 468 36³
652 280 1623 467 nnrrourrsnrunrrnnur
1803 349 1894 468 354

362 478 437 570 Ego
459 468 637 560 Iohannes
672 466 709 539 ia
742 466 810 540 Dei
843 475 967 539 nomine
993 470 1077 540 Dux
1113 473 1149 545 A
1187 468 1319 543 torium
1350 465 1563 542 Mutinense
1593 465 1727 558 Urbis,
1754 481 1950 569 quern-Co-

318 618 326 627 ·
467 575 503 643 in
528 573 586 644 hoc
613 569 791 642 Donatione
813 597 837 640 o
860 598 908 640 one
928 567 1077 660 fossaio
1112 592 1114 596 ’

465 672 662 761 Monallerio
685 669 811 741 tradito
831 670 990 767 pollulum
1019 692 1078 762 pro

463 777 597 847 remedio
634 772 739 846 onirne
781 798 873 860 enee,
913 770 961 852 &²
995 772 1077 858 ficut

456 880 558 973 supro
582 873 723 971 iegitur,
758 900 856 946 rnonu
895 901 964 947 mco
995 873 1076 967 sub·

455 975 593 1073 scvipfi.

361 1085 435 1178 Ego
459 1076 747 1253 «hosnczioaffibrissi
771 1078 1076 1274 Ursosirbdignosin

311 1241 315 1248 .
452 1209 520 1253 ⁴nc
568 1207 606 1252 ou
645 1206 834 1255 ronecme
874 1209 999 1254 ooru
1038 1209 1073 1251 u-

456 1281 632 1377 pvolcripto
656 1283 878 1371 monasterio,
915 1283 998 1363 sicut
1017 1281 1075 1371 [u-

1185 572 1333 643 mirarum
1360 571 1473 671 postea
1493 569 1735 672 appellavere,
1762 573 1815 645 uti
1842 601 1948 650 nemo

1185 697 1257 746 nnn
1279 672 1398 758 videt,
1426 694 1512 747 tunc
1538 676 1676 746 ambitu
1702 671 1766 745 suo
1791 681 1949 773 comple-

1184 774 1346 850 &ebatur
1371 782 1496 864 Panum
1521 774 1728 861 Perficetum.
1757 776 1869 874 Pagus
1890 803 1952 853 au-

1186 901 1258 952 tem
1289 876 1522 951 Perficeranus
1559 876 1792 963 Monolierium
1818 885 1955 951 Nonou-

1182 983 1361 1055 suionum.
1400 983 1565 1079 Pagum‚
1601 1003 1710 1072 quum
1752 979 1875 1061 audis,
1911 1007 1955 1055 ne

1184 1081 1254 1155 tibi
1292 1080 1492 1160 humilem.
1536 1079 1783 1178 abjeslumque
1819 1081 1952 1155 Vicum

1185 1181 1300 1281 linge.
1336 1184 1430 1256 Heic
1464 1179 1638 1279 fignificat
1672 1200 1807 1282 partem
1833 1183 1951 1284 regio·

1187 1283 1269 1367 nis,
1310 1281 1379 1355 sive
1422 1283 1657 1382 Reginum,
1698 1309 1788 1380 quae
1828 1283 1953 1358 multis

456 1385 675 1482 protegitur,
693 1409 874 1456 monumen
887 1379 1074 1474 sulscvipfi.
1113 1376 1143 1451 B
1186 1381 1290 1454 vicis
1317 1381 1521 1473 constabat,
1549 1383 1724 1484 Oppidia,
1754 1411 1793 1459 ac
1821 1387 1957 1461 Villis.

358 1490 499 1560 Mauros
519 1484 619 1576 filius
654 1481 815 1557 Benenoti
846 1489 887 1553 de
922 1481 1075 1554 Ponieoie

257 1580 260 1586 ¹
460 1588 496 1660 in
521 1587 580 1659 boc
604 1585 773 1656 donatione
792 1579 888 1672 soso
903 1609 928 1657 o
943 1585 1074 1676 Jobon·

460 1715 499 1759 ne
538 1691 629 1758 Duce
653 1682 701 1762 &⁹
739 1685 784 1757 od
820 1685 901 1778 Urso
921 1711 1075 1781 germano

430 1786 531 1882 'ejus
556 1786 592 1859 in
611 1785 824 1882 suprascripto
857 1786 1050 1873 Monolicrio
1061 1836 1073 1869 ,

452 1887 538 1974 fieus
573 1885 668 1985 supro
702 1888 842 1986 legitur,
885 1893 932 1961 od
955 1888 1073 1981 eosdem

460 1991 551 2080 testes
570 1988 775 2085 subscripstt.

343 2088 461 2194 'Signo
496 2117 609 2165 monus
647 2091 762 2185 Conso
798 2092 840 2164 de
873 2090 1074 2180 Peliumiono

461 2193 556 2282 celle.

360 2296 462 2395 Signo
487 2317 600 2368 monus
625 2294 790 2368 Dominico
826 2294 955 2368 Ceriuui
979 2293 1075 2382 teste.
1113 2294 1151 2374 C

362 2400 543 2494 Stephanus
587 2397 744 2470 Notarius
793 2397 942 2489 scriptun
980 2395 1077 2484 buius

463 2500 598 2574 Cortule
623 2498 804 2571 donacionis
824 2498 881 2588 seu
906 2497 1077 2594 offerstonis

461 2601 529 2699 poll
557 2603 700 2672 roborosa
724 2627 746 2672 a
771 2597 900 2687 seliibus
924 2598 1078 2695 complevi

464 2703 510 2772 (9⁹
533 2700 629 2776 dedi.

363 2807 407 2876 In
435 2800 689 2876 Dissertatione
716 2804 761 2873 V.
788 2803 839 2874 De
874 2800 1017 2874 Ducibus
1044 2803 1077 2872 l-

312 2905 415 2981 solioe
431 2905 578 2979 alteram
598 2900 768 2978 Chartam
794 2901 983 3002 evulgavi,
1003 2899 1078 2999 spe·

313 3006 470 3083 stantem
489 3006 532 3082 acl
552 3005 645 3080 hunc
663 3002 777 3098 ipsum
795 3009 981 3096 Jooannern
1006 3010 1078 3075 Du·

313 3136 398 3191 cem,
433 3110 468 3183 δι
507 3111 617 3183 Anno·
650 3101 785 3181 Chrilli
821 3107 1077 3181 occuxxu.

1187 1488 1316 1582 Neque
1340 1484 1435 1586 enirn
1464 1487 1555 1586 apud
1585 1486 1751 1585 antiquos
1776 1513 1848 1561 vox
1870 1487 1959 1584 Pagi

1189 1587 1343 1668 Vicum,
1370 1605 1432 1659 aut
1456 1586 1654 1685 congeriem
1680 1587 1871 1660 multarum
1894 1615 1956 1661 ae·

1186 1686 1317 1769 dium,
1357 1686 1540 1781 praecipue
1575 1685 1822 1761 rusticanarum
1862 1686 1953 1762 dess-

1187 1788 1335 1890 gnavit,
1361 1786 1417 1861 sed
1443 1790 1555 1861 latum
1575 1806 1744 1860 terrarum
1773 1788 1957 1863 trullum.

1189 1890 1296 1985 Apud
1314 1885 1510 1985 Campium
1529 1890 1639 1959 Tum.
1666 1889 1695 1957 1.
1721 1886 1856 1961 Histor.
1886 1891 1957 1963 Ec·

1190 1988 1270 2063 cles.
1301 1986 1495 2062 Placentin.
1531 2011 1609 2086 page
1635 1987 1722 2081 456.
1757 1986 1796 2060 in
1825 1989 1957 2091 Diplo·

1189 2110 1285 2165 auate
1311 2087 1491 2166 Ludovici
1528 2087 1586 2162 Pii
1625 2105 1844 2164 memoratur
1880 2095 1957 2164 Me·

1187 2191 1359 2281 nolierium
1385 2195 1566 2263 Grovocum
1592 2189 1627 2260 in
1654 2197 1744 2287 Pago
1765 2193 1955 2266 Placentino

1189 2292 1420 2389 conllrufflum:
1445 2290 1529 2364 idest
1554 2289 1592 2364 in
1619 2288 1704 2390 agro
1727 2290 1950 2371 Placentino.
1985 2357 1988 2360 Α

1192 2399 1246 2469 Ita
1273 2393 1364 2494 apud
1391 2391 1604 2491 Ughellium
1625 2392 1663 2466 in
1680 2392 1864 2496 Episcopis
1881 2400 1955 2490 Vc·

1192 2493 1392 2571 ronenlibus
1420 2497 1590 2593 Diploma
1619 2493 1800 2571 Ludovici
1827 2494 1875 2573 ll.
1904 2523 1959 2573 re-

1193 2596 1310 2673 censet
1335 2622 1388 2671 res
1424 2593 1549 2692 postas
1588 2595 1623 2666 in
1651 2602 1740 2695 Pago
1774 2597 1959 2692 Veronenli,

1193 2701 1229 2772 in
1255 2706 1345 2795 Pago
1370 2695 1567 2783 Taruistne.
1594 2695 1756 2798 Ejusdem
1784 2706 1869 2774 veru
1894 2728 1961 2776 vo·

1194 2798 1246 2873 cis
1272 2799 1348 2873 vim
1375 2799 1478 2871 nullo
1503 2798 1650 2898 negotio
1677 2799 1827 2899 possem,
1863 2803 1959 2876 Cae-

1195 2899 1279 2975 saris
1306 2949 1317 2982 ,
1359 2899 1499 2991 Plinii,
1538 2899 1693 2983 Taciti,
1732 2899 1993 3005 aliorumque·

1159 3029 1161 3032 ·
1197 3001 1313 3077 verbis
1339 2998 1568 3075 confirmare.
1595 2999 1659 3076 sed
1684 3001 1876 3080 'Ltiiore'm
1902 3002 1961 3080 <li-

1194 3102 1304 3179 mitto
1321 3104 1366 3177 ad
1387 3101 1597 3194 Freherum,
1619 3099 1848 3198 salmasium,
1870 3105 1963 3182 Vos·

313 3211 516 3310 scriptam.
560 3212 653 3284 Eum
695 3213 812 3280 Ducem
851 3206 999 3292 Perstreri
1037 3204 1077 3281 ἃ
1122 3202 1156 3272 D
1193 3204 1304 3296 fiunt,
1323 3203 1563 3305 nignianum,
1589 3202 1869 3308 Dutcangium,
1896 3206 1961 3285 Pi.

314 3315 431 3389 Peneis
460 3313 558 3385 Ducis
583 3311 766 3410 appellat,
802 3307 920 3383 nescio
948 3308 1078 3406 quibus

162 3437 166 3441 '
315 3416 448 3488 tabulis
468 3412 577 3487 fretus
588 3461 599 3494 ,
621 3409 759 3484 Auctor
776 3407 945 3508 Catalogi
962 3408 1081 3484 Char·

314 3530 434 3588 tarum
474 3509 723 3586 Nonantulani
759 3508 989 3589 Monasterii,
1024 3509 1082 3582 in-

315 3611 369 3686 sra
402 3611 529 3685 edendi
565 3607 604 3682 in
641 3606 893 3680 Dissertatione
927 3611 1101 3684 va11.'

313 3714 358 3788 oe
381 3711 481 3783 modis
518 3708 696 3807 «equium.
733 3709 811 3806 Ego
846 3707 951 3782 illum
988 3707 1083 3784 fimi-

317 3817 389 3890 lem
426 3811 526 3887 fuisse
564 3809 829 3886 Rauennatibus
857 3809 1016 3887 Ducibus
1042 3840 1083 3886 o-

318 3917 446 4019 pinor,
481 3912 545 3989 nifi
581 3913 692 3990 etiam
719 3938 842 3989 eorum
869 3916 972 3988 Avus
1007 3913 1083 3989 sue-

314 4017 396 4098 rit,
423 4014 636 4116 *qui-postea
662 4016 701 4090 in
728 4020 935 4092 Ravennate
962 4015 1083 4092 Histo-

318 4121 373 4197 ria
400 4134 610 4194 occurrunt.
637 4115 696 4187 Ad
717 4143 781 4189 noe
807 4119 902 4214 quod
928 4120 1081 4201 attinet,

319 4220 577 4300 Monusierium
604 4213 725 4293 sanai
745 4217 900 4292 silvestri
928 4219 1007 4292 heic
1031 4221 1088 4295 di·

321 4327 417 4402 citur
435 4323 535 4412 fiturn
562 4320 774 4401 Nummio,
800 4325 890 4415 Pago
913 4325 1087 4410 Ferocem,

321 4427 479 4500 territorio
503 4423 710 4520 Mutinense.
744 4425 844 4524 Ager
877 4416 948 4494 five
983 4420 1086 4504 tersi·

1193 3306 1350 3391 tiscurn,
1373 3309 1411 3380 &
1436 3307 1555 3392 alios,
1620 3305 1659 3382 ui
1685 3307 1846 3408 plurilus
1872 3310 1959 3411 Pagi

1195 3407 1488 3511 significationem
1522 3330 1764 3495 illuirarunt.
1800 3411 1838 3485 Α
1874 3419 1963 3510 Pago

1194 3530 1314 3586 autem
1328 3510 1713 3587 Eruditiefformatara
1760 3528 1864 3587 urant
1875 3516 1963 3587 Gal·

1195 3611 1306 3687 licum
1334 3619 1437 3693 Pois,
1460 3614 1498 3686 ἃ
1526 3613 1692 3688 Italicum
1717 3538 1845 3714 βαίη
1863 3632 1904 3688 ut
1922 3639 1962 3688 a·

1196 3712 1264 3788 libi
1291 3714 1361 3814 jana
1388 3711 1521 3788 innui.
1548 3713 1614 3789 Sed
1639 3711 1680 3791 ἀ
1706 3715 1745 3789 in
1773 3717 1960 3816 Diploma-

1196 3830 1233 3890 te
1259 3815 1452 3913 archetypo
1477 3814 1656 3893 Ludovici
1687 3817 1766 3907 Pii,
1792 3817 1887 3916 quod
1914 3843 1961 3893 ex

1195 3915 1360 3991 Archivo
1397 3915 1551 4018 ejusdem
1589 3918 1836 3992 Nonantulani
1863 3915 1963 3995 Coe-

1195 4018 1298 4094 nobii
1323 4015 1509 4119 descripsi,
1536 4039 1753 4096 memoratur
1778 4020 1872 4095 Villo
1894 4028 1963 4094 Re·

1193 4123 1368 4212 duddan,
1404 4146 1484 4217 quoe
1508 4120 1631 4195 dieitur
1649 4123 1854 4221 supernomen
1879 4127 1966 4193 Cur·

1193 4225 1338 4305 sicelio,
1372 4223 1411 4293 in
1444 4230 1537 4321 Pago
1571 4221 1741 4311 Perficers.
1760 4226 1966 4326 *integrum

1196 4323 1369 4423 Diploma
1404 4319 1553 4425 dignum
1588 4323 1663 4422 est,
1697 4323 1839 4427 quode
1865 4345 1968 4400 tenc·

1198 4424 1274 4500 bria
1298 4442 1466 4501 eruatur.
1631 4424 1634 4431 ’
