<?xml version="1.0" encoding="UTF-8"?>
<!DOCTYPE html PUBLIC "-//W3C//DTD XHTML 1.0 Transitional//EN"
    "http://www.w3.org/TR/xhtml1/DTD/xhtml1-transitional.dtd">
<html xmlns="http://www.w3.org/1999/xhtml" xml:lang="en" lang="en">
 <head>
  <title>
</title>
<meta http-equiv="Content-Type" content="text/html;charset=utf-8" />
  <meta name='ocr-system' content='tesseract 3.04.00' />
  <meta name='ocr-capabilities' content='ocr_page ocr_carea ocr_par ocr_line ocrx_word'/>
</head>
<body>
  <div class='ocr_page' id='page_1' title='image "./antiquitatesita01muragoog_0139.png"; bbox 0 0 4216 6014; ppageno 0'>
   <div class='ocr_carea' id='block_1_1' title="bbox 286 307 1807 434">
    <p class='ocr_par' dir='ltr' id='par_1_1' title="bbox 286 307 1807 434">
     <span class='ocr_line' id='line_1_1' title="bbox 286 307 1807 434; baseline 0.004 -29"><span class='ocrx_word' id='word_1_1' title='bbox 286 345 368 430; x_wconf 60' lang='grc' dir='ltr'><strong>ψ</strong></span> <span class='ocrx_word' id='word_1_2' title='bbox 560 307 996 433; x_wconf 61' lang='lat' dir='ltr'>Anrronir.</span> <span class='ocrx_word' id='word_1_3' title='bbox 1048 313 1532 407; x_wconf 74' lang='lat' dir='ltr'>Manrinari</span> <span class='ocrx_word' id='word_1_4' title='bbox 1629 362 1632 367; x_wconf 92' lang='lat'>-</span> <span class='ocrx_word' id='word_1_5' title='bbox 1723 322 1807 434; x_wconf 51' lang='grc' dir='ltr'>ἡ,</span> 
     </span>
    </p>
   </div>
   <div class='ocr_carea' id='block_1_2' title="bbox 222 431 1872 527">
    <p class='ocr_par' dir='ltr' id='par_1_2' title="bbox 222 431 1872 527">
     <span class='ocr_line' id='line_1_2' title="bbox 222 431 1872 527; baseline -0.002 -10"><span class='ocrx_word' id='word_1_6' title='bbox 222 453 286 525; x_wconf 73' lang='lat'>80,</span> <span class='ocrx_word' id='word_1_7' title='bbox 308 444 367 527; x_wconf 62' lang='lat' dir='ltr'>leta</span> <span class='ocrx_word' id='word_1_8' title='bbox 390 460 413 505; x_wconf 72' lang='lat'><em>6</em></span> <span class='ocrx_word' id='word_1_9' title='bbox 437 431 585 514; x_wconf 73' lang='lat' dir='ltr'>Currite,</span> <span class='ocrx_word' id='word_1_10' title='bbox 610 433 759 527; x_wconf 75' lang='lat' dir='ltr'>spatha,</span> <span class='ocrx_word' id='word_1_11' title='bbox 799 450 849 512; x_wconf 53' lang='grc' dir='ltr'>(θ’</span> <span class='ocrx_word' id='word_1_12' title='bbox 883 438 992 505; x_wconf 78' lang='lat' dir='ltr'>Cina·</span> <span class='ocrx_word' id='word_1_13' title='bbox 1030 445 1075 517; x_wconf 79' lang='lat' dir='ltr'>A·</span> <span class='ocrx_word' id='word_1_14' title='bbox 1107 456 1180 511; x_wconf 91' lang='lat' dir='ltr'>tam</span> <span class='ocrx_word' id='word_1_15' title='bbox 1216 437 1411 511; x_wconf 84' lang='lat' dir='ltr'>enormiter</span> <span class='ocrx_word' id='word_1_16' title='bbox 1446 435 1593 511; x_wconf 85' lang='lat' dir='ltr'>libidini</span> <span class='ocrx_word' id='word_1_17' title='bbox 1628 432 1723 511; x_wconf 77' lang='lat' dir='ltr'>scena</span> <span class='ocrx_word' id='word_1_18' title='bbox 1747 441 1872 513; x_wconf 82' lang='lat' dir='ltr'>laxata</span> 
     </span>
    </p>
   </div>
   <div class='ocr_carea' id='block_1_3' title="bbox 220 532 993 1321">
    <p class='ocr_par' dir='ltr' id='par_1_3' title="bbox 220 532 993 1321">
     <span class='ocr_line' id='line_1_3' title="bbox 225 532 992 633; baseline 0.003 -30"><span class='ocrx_word' id='word_1_19' title='bbox 225 536 292 608; x_wconf 76' lang='lat' dir='ltr'>nia</span> <span class='ocrx_word' id='word_1_20' title='bbox 318 532 438 631; x_wconf 88' lang='lat' dir='ltr'>(unde</span> <span class='ocrx_word' id='word_1_21' title='bbox 458 533 631 606; x_wconf 72' lang='lat' dir='ltr'>cornelia</span> <span class='ocrx_word' id='word_1_22' title='bbox 649 536 814 607; x_wconf 88' lang='lat' dir='ltr'>Italicum</span> <span class='ocrx_word' id='word_1_23' title='bbox 836 536 875 633; x_wconf 93' lang='lat'><em>)</em></span> <span class='ocrx_word' id='word_1_24' title='bbox 895 538 992 629; x_wconf 70' lang='lat' dir='ltr'>Quod</span> 
     </span>
     <span class='ocr_line' id='line_1_4' title="bbox 220 633 991 734; baseline -0.004 -26"><span class='ocrx_word' id='word_1_25' title='bbox 220 634 451 734; x_wconf 72' lang='lat' dir='ltr'>fi,.spanbam</span> <span class='ocrx_word' id='word_1_26' title='bbox 475 635 649 731; x_wconf 68' lang='lat' dir='ltr'>acceperet,</span> <span class='ocrx_word' id='word_1_27' title='bbox 688 641 825 707; x_wconf 81' lang='lat' dir='ltr'>Servum</span> <span class='ocrx_word' id='word_1_28' title='bbox 865 633 991 726; x_wconf 80' lang='lat' dir='ltr'>i‘irteifi-</span> 
     </span>
     <span class='ocr_line' id='line_1_5' title="bbox 226 736 993 829; baseline -0.001 -20"><span class='ocrx_word' id='word_1_29' title='bbox 226 737 314 811; x_wconf 82' lang='lat' dir='ltr'>ei‘iit.</span> <span class='ocrx_word' id='word_1_30' title='bbox 340 738 381 810; x_wconf 78' lang='lat' dir='ltr'>Si</span> <span class='ocrx_word' id='word_1_31' title='bbox 406 759 512 813; x_wconf 76' lang='lat' dir='ltr'>arteni</span> <span class='ocrx_word' id='word_1_32' title='bbox 535 738 745 827; x_wconf 78' lang='lat' dir='ltr'>Coiiiicosiim,</span> <span class='ocrx_word' id='word_1_33' title='bbox 792 739 827 809; x_wconf 82' lang='lat' dir='ltr'>iii</span> <span class='ocrx_word' id='word_1_34' title='bbox 856 736 993 829; x_wconf 77' lang='lat' dir='ltr'>servitio</span> 
     </span>
     <span class='ocr_line' id='line_1_6' title="bbox 223 838 991 938; baseline 0.005 -29"><span class='ocrx_word' id='word_1_35' title='bbox 223 838 420 937; x_wconf 38' lang='lat' dir='ltr'>perseueret&amp;</span> <span class='ocrx_word' id='word_1_36' title='bbox 450 845 545 913; x_wconf 90' lang='lat' dir='ltr'>Dura</span> <span class='ocrx_word' id='word_1_37' title='bbox 572 841 631 912; x_wconf 86' lang='lat' dir='ltr'>leit</span> <span class='ocrx_word' id='word_1_38' title='bbox 656 838 814 938; x_wconf 80' lang='lat' dir='ltr'><strong>gladium</strong></span> <span class='ocrx_word' id='word_1_39' title='bbox 841 839 991 913; x_wconf 86' lang='lat' dir='ltr'>offerens</span> 
     </span>
     <span class='ocr_line' id='line_1_7' title="bbox 227 938 989 1017; baseline 0.001 -4"><span class='ocrx_word' id='word_1_40' title='bbox 227 959 301 1014; x_wconf 90' lang='lat' dir='ltr'>tani</span> <span class='ocrx_word' id='word_1_41' title='bbox 351 940 426 1017; x_wconf 76' lang='lat' dir='ltr'>dira</span> <span class='ocrx_word' id='word_1_42' title='bbox 481 938 689 1015; x_wconf 88' lang='lat' dir='ltr'>conditione</span> <span class='ocrx_word' id='word_1_43' title='bbox 728 940 989 1016; x_wconf 87' lang='lat' dir='ltr'>adhibendum.</span> 
     </span>
     <span class='ocr_line' id='line_1_8' title="bbox 227 1041 990 1119; baseline -0.001 -5"><span class='ocrx_word' id='word_1_44' title='bbox 227 1042 321 1117; x_wconf 87' lang='lat' dir='ltr'>Vide</span> <span class='ocrx_word' id='word_1_45' title='bbox 348 1041 639 1118; x_wconf 82' lang='lat' dir='ltr'>Dissertationem</span> <span class='ocrx_word' id='word_1_46' title='bbox 666 1046 801 1119; x_wconf 82' lang='lat' dir='ltr'>vai.</span> <span class='ocrx_word' id='word_1_47' title='bbox 838 1050 878 1117; x_wconf 83' lang='lat' dir='ltr'>de</span> <span class='ocrx_word' id='word_1_48' title='bbox 912 1047 990 1114; x_wconf 86' lang='lat' dir='ltr'>Mr-</span> 
     </span>
     <span class='ocr_line' id='line_1_9' title="bbox 227 1144 990 1245; baseline 0.003 -28"><span class='ocrx_word' id='word_1_49' title='bbox 227 1144 372 1231; x_wconf 77' lang='lat' dir='ltr'>riaJleriis</span> <span class='ocrx_word' id='word_1_50' title='bbox 397 1145 622 1227; x_wconf 79' lang='lat' dir='ltr'>Martialium,</span> <span class='ocrx_word' id='word_1_51' title='bbox 647 1144 710 1219; x_wconf 92' lang='lat' dir='ltr'>ubi</span> <span class='ocrx_word' id='word_1_52' title='bbox 736 1145 778 1218; x_wconf 94' lang='lat' dir='ltr'>de</span> <span class='ocrx_word' id='word_1_53' title='bbox 806 1170 917 1245; x_wconf 91' lang='lat' dir='ltr'>poena</span> <span class='ocrx_word' id='word_1_54' title='bbox 943 1145 990 1219; x_wconf 92' lang='lat' dir='ltr'>li·</span> 
     </span>
     <span class='ocr_line' id='line_1_10' title="bbox 228 1244 989 1321; baseline 0.001 -5"><span class='ocrx_word' id='word_1_55' title='bbox 228 1246 328 1319; x_wconf 88' lang='lat' dir='ltr'>berae</span> <span class='ocrx_word' id='word_1_56' title='bbox 369 1244 522 1320; x_wconf 88' lang='lat' dir='ltr'>seminar</span> <span class='ocrx_word' id='word_1_57' title='bbox 563 1245 604 1320; x_wconf 90' lang='lat' dir='ltr'>in</span> <span class='ocrx_word' id='word_1_58' title='bbox 638 1244 789 1321; x_wconf 87' lang='lat' dir='ltr'>vetitam</span> <span class='ocrx_word' id='word_1_59' title='bbox 826 1271 989 1321; x_wconf 83' lang='lat' dir='ltr'>venerem</span> 
     </span>
    </p>
   </div>
   <div class='ocr_carea' id='block_1_4' title="bbox 1103 535 1932 1348">
    <p class='ocr_par' dir='ltr' id='par_1_4' title="bbox 1103 535 1932 1348">
     <span class='ocr_line' id='line_1_11' title="bbox 1106 535 1873 639; baseline 0.004 -30"><span class='ocrx_word' id='word_1_60' title='bbox 1106 537 1210 630; x_wconf 90' lang='lat' dir='ltr'>sunt,</span> <span class='ocrx_word' id='word_1_61' title='bbox 1238 557 1278 611; x_wconf 88' lang='lat' dir='ltr'>ut</span> <span class='ocrx_word' id='word_1_62' title='bbox 1305 538 1399 632; x_wconf 88' lang='lat' dir='ltr'>ipsae</span> <span class='ocrx_word' id='word_1_63' title='bbox 1426 537 1602 639; x_wconf 81' lang='lat' dir='ltr'><strong>principes</strong></span> <span class='ocrx_word' id='word_1_64' title='bbox 1630 535 1780 611; x_wconf 86' lang='lat' dir='ltr'>feminae</span> <span class='ocrx_word' id='word_1_65' title='bbox 1807 565 1873 638; x_wconf 88' lang='lat' dir='ltr'>pa-</span> 
     </span>
     <span class='ocr_line' id='line_1_12' title="bbox 1104 639 1871 739; baseline 0.005 -29"><span class='ocrx_word' id='word_1_66' title='bbox 1104 641 1175 711; x_wconf 92' lang='lat' dir='ltr'>lam</span> <span class='ocrx_word' id='word_1_67' title='bbox 1213 639 1251 713; x_wconf 90' lang='lat' dir='ltr'>in</span> <span class='ocrx_word' id='word_1_68' title='bbox 1289 665 1396 715; x_wconf 90' lang='lat' dir='ltr'>omne</span> <span class='ocrx_word' id='word_1_69' title='bbox 1430 639 1727 738; x_wconf 77' lang='lat' dir='ltr'>intemperantiae</span> <span class='ocrx_word' id='word_1_70' title='bbox 1762 665 1871 739; x_wconf 85' lang='lat' dir='ltr'>geniis</span> 
     </span>
     <span class='ocr_line' id='line_1_13' title="bbox 1104 739 1871 818; baseline 0.003 -4"><span class='ocrx_word' id='word_1_71' title='bbox 1104 739 1173 814; x_wconf 89' lang='lat' dir='ltr'>sese</span> <span class='ocrx_word' id='word_1_72' title='bbox 1208 741 1445 818; x_wconf 85' lang='lat' dir='ltr'>effunderent.</span> <span class='ocrx_word' id='word_1_73' title='bbox 1492 745 1577 816; x_wconf 83' lang='lat' dir='ltr'>Prae</span> <span class='ocrx_word' id='word_1_74' title='bbox 1616 740 1743 814; x_wconf 89' lang='lat' dir='ltr'>ceteris</span> <span class='ocrx_word' id='word_1_75' title='bbox 1783 748 1871 816; x_wconf 83' lang='lat' dir='ltr'>vero</span> 
     </span>
     <span class='ocr_line' id='line_1_14' title="bbox 1105 843 1868 918; baseline 0 -3"><span class='ocrx_word' id='word_1_76' title='bbox 1105 843 1247 917; x_wconf 83' lang='lat' dir='ltr'>circiter</span> <span class='ocrx_word' id='word_1_77' title='bbox 1296 848 1443 918; x_wconf 83' lang='lat' dir='ltr'>Annum</span> <span class='ocrx_word' id='word_1_78' title='bbox 1489 846 1775 918; x_wconf 80' lang='lat' dir='ltr'>Dccccxxv.</span> <span class='ocrx_word' id='word_1_79' title='bbox 1822 867 1868 915; x_wconf 84' lang='lat' dir='ltr'>eit</span> 
     </span>
     <span class='ocr_line' id='line_1_15' title="bbox 1103 941 1932 1044; baseline 0 -28"><span class='ocrx_word' id='word_1_80' title='bbox 1103 941 1304 1043; x_wconf 84' lang='lat' dir='ltr'>hujusmodi</span> <span class='ocrx_word' id='word_1_81' title='bbox 1345 945 1491 1021; x_wconf 92' lang='lat' dir='ltr'>licentia</span> <span class='ocrx_word' id='word_1_82' title='bbox 1517 944 1647 1019; x_wconf 88' lang='lat' dir='ltr'>samam</span> <span class='ocrx_word' id='word_1_83' title='bbox 1674 942 1736 1017; x_wconf 86' lang='lat' dir='ltr'>libi</span> <span class='ocrx_word' id='word_1_84' title='bbox 1762 968 1868 1044; x_wconf 86' lang='lat' dir='ltr'>gran·</span> <span class='ocrx_word' id='word_1_85' title='bbox 1927 968 1932 977; x_wconf 91' lang='lat'><strong>·</strong></span> 
     </span>
     <span class='ocr_line' id='line_1_16' title="bbox 1104 1044 1869 1146; baseline 0.001 -30"><span class='ocrx_word' id='word_1_86' title='bbox 1104 1045 1181 1117; x_wconf 88' lang='lat' dir='ltr'>deni</span> <span class='ocrx_word' id='word_1_87' title='bbox 1225 1046 1440 1143; x_wconf 85' lang='lat' dir='ltr'>conquisiere</span> <span class='ocrx_word' id='word_1_88' title='bbox 1484 1048 1573 1144; x_wconf 88' lang='lat' dir='ltr'>apud</span> <span class='ocrx_word' id='word_1_89' title='bbox 1614 1044 1869 1146; x_wconf 78' lang='lat' dir='ltr'>Langobardos</span> 
     </span>
     <span class='ocr_line' id='line_1_17' title="bbox 1104 1147 1870 1244; baseline 0.004 -29"><span class='ocrx_word' id='word_1_90' title='bbox 1104 1148 1534 1244; x_wconf 64' lang='lat' dir='ltr'>Ermerigardis,ddelberti</span> <span class='ocrx_word' id='word_1_91' title='bbox 1559 1147 1739 1238; x_wconf 77' lang='lat' dir='ltr'>Eporediae</span> <span class='ocrx_word' id='word_1_92' title='bbox 1769 1151 1870 1218; x_wconf 81' lang='lat' dir='ltr'>Mar-</span> 
     </span>
     <span class='ocr_line' id='line_1_18' title="bbox 1104 1246 1870 1348; baseline 0.001 -29"><span class='ocrx_word' id='word_1_93' title='bbox 1104 1251 1221 1321; x_wconf 82' lang='lat' dir='ltr'>chionis</span> <span class='ocrx_word' id='word_1_94' title='bbox 1246 1275 1344 1339; x_wconf 76' lang='lat' dir='ltr'>uxor,</span> <span class='ocrx_word' id='word_1_95' title='bbox 1386 1246 1424 1324; x_wconf 79' lang='grc' dir='ltr'>δι</span> <span class='ocrx_word' id='word_1_96' title='bbox 1450 1249 1541 1348; x_wconf 91' lang='lat' dir='ltr'>apud</span> <span class='ocrx_word' id='word_1_97' title='bbox 1579 1255 1757 1323; x_wconf 86' lang='lat' dir='ltr'>Romanos</span> <span class='ocrx_word' id='word_1_98' title='bbox 1783 1252 1870 1320; x_wconf 81' lang='lat' dir='ltr'>Me·</span> 
     </span>
    </p>
   </div>
   <div class='ocr_carea' id='block_1_5' title="bbox 227 1344 1869 1464">
    <p class='ocr_par' dir='ltr' id='par_1_5' title="bbox 227 1344 1869 1464">
     <span class='ocr_line' id='line_1_19' title="bbox 227 1344 1869 1464; baseline 0.005 -45"><span class='ocrx_word' id='word_1_99' title='bbox 227 1346 426 1446; x_wconf 87' lang='lat' dir='ltr'>proruentis</span> <span class='ocrx_word' id='word_1_100' title='bbox 462 1347 532 1423; x_wconf 92' lang='lat' dir='ltr'>alia</span> <span class='ocrx_word' id='word_1_101' title='bbox 567 1348 695 1423; x_wconf 84' lang='lat' dir='ltr'>attuli.</span> <span class='ocrx_word' id='word_1_102' title='bbox 731 1350 899 1423; x_wconf 90' lang='lat' dir='ltr'>Ceterum</span> <span class='ocrx_word' id='word_1_103' title='bbox 927 1344 990 1464; x_wconf 76' lang='lat' dir='ltr'>qui</span> <span class='ocrx_word' id='word_1_104' title='bbox 1038 1370 1068 1442; x_wconf 76' lang='lat' dir='ltr'>B</span> <span class='ocrx_word' id='word_1_105' title='bbox 1105 1351 1195 1444; x_wconf 61' lang='lat' dir='ltr'>rozir</span> <span class='ocrx_word' id='word_1_106' title='bbox 1220 1351 1389 1442; x_wconf 82' lang='lat' dir='ltr'>eraiiiiir</span> <span class='ocrx_word' id='word_1_107' title='bbox 1424 1359 1482 1424; x_wconf 80' lang='lat' dir='ltr'>xi.</span> <span class='ocrx_word' id='word_1_108' title='bbox 1523 1358 1633 1448; x_wconf 79' lang='lat' dir='ltr'>Papae</span> <span class='ocrx_word' id='word_1_109' title='bbox 1658 1373 1782 1430; x_wconf 84' lang='lat' dir='ltr'>mater,</span> <span class='ocrx_word' id='word_1_110' title='bbox 1818 1346 1869 1428; x_wconf 71' lang='lat'>&amp;¹</span> 
     </span>
    </p>
   </div>
   <div class='ocr_carea' id='block_1_6' title="bbox 227 1445 991 1854">
    <p class='ocr_par' dir='ltr' id='par_1_6' title="bbox 227 1445 991 1854">
     <span class='ocr_line' id='line_1_20' title="bbox 227 1445 991 1550; baseline -0.001 -28"><span class='ocrx_word' id='word_1_111' title='bbox 227 1475 369 1541; x_wconf 87' lang='lat' dir='ltr'>mores,</span> <span class='ocrx_word' id='word_1_112' title='bbox 395 1454 497 1550; x_wconf 89' lang='lat' dir='ltr'>&#39;quae</span> <span class='ocrx_word' id='word_1_113' title='bbox 523 1449 675 1525; x_wconf 86' lang='lat' dir='ltr'>virtutes</span> <span class='ocrx_word' id='word_1_114' title='bbox 700 1475 740 1524; x_wconf 90' lang='lat' dir='ltr'>ac</span> <span class='ocrx_word' id='word_1_115' title='bbox 767 1448 859 1523; x_wconf 86' lang='lat' dir='ltr'>vitia</span> <span class='ocrx_word' id='word_1_116' title='bbox 886 1445 991 1521; x_wconf 87' lang='lat' dir='ltr'>semr-</span> 
     </span>
     <span class='ocr_line' id='line_1_21' title="bbox 227 1548 990 1631; baseline -0.001 -8"><span class='ocrx_word' id='word_1_117' title='bbox 227 1576 352 1626; x_wconf 89' lang='lat' dir='ltr'>narum</span> <span class='ocrx_word' id='word_1_118' title='bbox 378 1553 469 1628; x_wconf 89' lang='lat' dir='ltr'>olim</span> <span class='ocrx_word' id='word_1_119' title='bbox 505 1551 660 1631; x_wconf 76' lang='lat' dir='ltr'>suerint,</span> <span class='ocrx_word' id='word_1_120' title='bbox 694 1549 788 1625; x_wconf 87' lang='lat' dir='ltr'>nihil</span> <span class='ocrx_word' id='word_1_121' title='bbox 824 1548 870 1624; x_wconf 87' lang='lat' dir='ltr'>est</span> <span class='ocrx_word' id='word_1_122' title='bbox 897 1575 990 1623; x_wconf 90' lang='lat' dir='ltr'>nunc</span> 
     </span>
     <span class='ocr_line' id='line_1_22' title="bbox 228 1650 990 1753; baseline -0.001 -27"><span class='ocrx_word' id='word_1_123' title='bbox 228 1680 315 1753; x_wconf 90' lang='lat' dir='ltr'>opus</span> <span class='ocrx_word' id='word_1_124' title='bbox 342 1654 544 1753; x_wconf 85' lang='lat' dir='ltr'>inquirere.</span> <span class='ocrx_word' id='word_1_125' title='bbox 588 1656 673 1726; x_wconf 89' lang='lat' dir='ltr'>Non</span> <span class='ocrx_word' id='word_1_126' title='bbox 713 1654 784 1726; x_wconf 91' lang='lat' dir='ltr'>alia</span> <span class='ocrx_word' id='word_1_127' title='bbox 822 1674 851 1725; x_wconf 85' lang='lat' dir='ltr'>a·</span> <span class='ocrx_word' id='word_1_128' title='bbox 868 1650 990 1725; x_wconf 90' lang='lat' dir='ltr'>nollris</span> 
     </span>
     <span class='ocr_line' id='line_1_23' title="bbox 228 1751 990 1854; baseline -0.003 -27"><span class='ocrx_word' id='word_1_129' title='bbox 228 1754 323 1828; x_wconf 88' lang='lat' dir='ltr'>suere</span> <span class='ocrx_word' id='word_1_130' title='bbox 359 1774 517 1854; x_wconf 87' lang='lat' dir='ltr'>tempora</span> <span class='ocrx_word' id='word_1_131' title='bbox 552 1751 638 1828; x_wconf 90' lang='lat' dir='ltr'>illa.</span> <span class='ocrx_word' id='word_1_132' title='bbox 674 1758 785 1829; x_wconf 84' lang='lat' dir='ltr'>Erant</span> <span class='ocrx_word' id='word_1_133' title='bbox 825 1754 990 1828; x_wconf 90' lang='lat' dir='ltr'>mulieres</span> 
     </span>
    </p>
   </div>
   <div class='ocr_carea' id='block_1_7' title="bbox 228 1853 1052 1956">
    <p class='ocr_par' dir='ltr' id='par_1_7' title="bbox 228 1853 1052 1956">
     <span class='ocr_line' id='line_1_24' title="bbox 228 1853 1052 1956; baseline 0 -28"><span class='ocrx_word' id='word_1_134' title='bbox 228 1855 362 1930; x_wconf 89' lang='lat' dir='ltr'>summe</span> <span class='ocrx_word' id='word_1_135' title='bbox 388 1882 493 1956; x_wconf 88' lang='lat' dir='ltr'>piae,</span> <span class='ocrx_word' id='word_1_136' title='bbox 534 1857 748 1955; x_wconf 86' lang='lat' dir='ltr'>prudentes,</span> <span class='ocrx_word' id='word_1_137' title='bbox 782 1853 830 1935; x_wconf 73' lang='lat' dir='ltr'>,dc</span> <span class='ocrx_word' id='word_1_138' title='bbox 856 1855 988 1929; x_wconf 82' lang='lat' dir='ltr'>callae:</span> <span class='ocrx_word' id='word_1_139' title='bbox 1047 1871 1052 1879; x_wconf 85' lang='lat'>&#39;</span> 
     </span>
    </p>
   </div>
   <div class='ocr_carea' id='block_1_8' title="bbox 228 1954 993 2263">
    <p class='ocr_par' dir='ltr' id='par_1_8' title="bbox 228 1954 993 2263">
     <span class='ocr_line' id='line_1_25' title="bbox 228 1954 991 2058; baseline -0.003 -27"><span class='ocrx_word' id='word_1_140' title='bbox 228 1976 327 2031; x_wconf 89' lang='lat' dir='ltr'>erant</span> <span class='ocrx_word' id='word_1_141' title='bbox 346 1954 639 2040; x_wconf 81' lang='lat' dir='ltr'>sceleliillimae,</span> <span class='ocrx_word' id='word_1_142' title='bbox 667 1956 962 2058; x_wconf 83' lang='lat' dir='ltr'>impudicissimae</span> <span class='ocrx_word' id='word_1_143' title='bbox 981 2011 991 2047; x_wconf 92' lang='lat'>,</span> 
     </span>
     <span class='ocr_line' id='line_1_26' title="bbox 229 2058 992 2156; baseline -0.001 -24"><span class='ocrx_word' id='word_1_144' title='bbox 229 2076 335 2156; x_wconf 89' lang='lat' dir='ltr'>atque</span> <span class='ocrx_word' id='word_1_145' title='bbox 360 2060 456 2133; x_wconf 92' lang='lat' dir='ltr'>inter</span> <span class='ocrx_word' id='word_1_146' title='bbox 481 2084 537 2145; x_wconf 84' lang='lat' dir='ltr'>eas</span> <span class='ocrx_word' id='word_1_147' title='bbox 563 2058 724 2133; x_wconf 87' lang='lat' dir='ltr'>mediae.</span> <span class='ocrx_word' id='word_1_148' title='bbox 750 2060 857 2134; x_wconf 84' lang='lat' dir='ltr'>Tunc</span> <span class='ocrx_word' id='word_1_149' title='bbox 882 2059 992 2133; x_wconf 89' lang='lat' dir='ltr'>etiam</span> 
     </span>
     <span class='ocr_line' id='line_1_27' title="bbox 229 2158 993 2263; baseline 0.003 -31"><span class='ocrx_word' id='word_1_150' title='bbox 229 2160 346 2235; x_wconf 92' lang='lat' dir='ltr'>libido</span> <span class='ocrx_word' id='word_1_151' title='bbox 371 2159 447 2235; x_wconf 89' lang='lat' dir='ltr'>suas</span> <span class='ocrx_word' id='word_1_152' title='bbox 474 2158 633 2236; x_wconf 84' lang='lat' dir='ltr'>flammas</span> <span class='ocrx_word' id='word_1_153' title='bbox 659 2161 850 2263; x_wconf 86' lang='lat' dir='ltr'>expandit,</span> <span class='ocrx_word' id='word_1_154' title='bbox 887 2183 993 2259; x_wconf 88' lang='lat' dir='ltr'>atque</span> 
     </span>
    </p>
   </div>
   <div class='ocr_carea' id='block_1_9' title="bbox 1103 1447 1875 2256">
    <p class='ocr_par' dir='ltr' id='par_1_9' title="bbox 1103 1447 1875 2256">
     <span class='ocr_line' id='line_1_28' title="bbox 1103 1447 1868 1546; baseline -0.001 -23"><span class='ocrx_word' id='word_1_155' title='bbox 1103 1453 1251 1523; x_wconf 66' lang='lat' dir='ltr'>aribatici</span> <span class='ocrx_word' id='word_1_156' title='bbox 1305 1453 1503 1525; x_wconf 75' lang='lat' dir='ltr'>Marabieiiis</span> <span class='ocrx_word' id='word_1_157' title='bbox 1549 1453 1685 1546; x_wconf 74' lang='lat' dir='ltr'>senioris</span> <span class='ocrx_word' id='word_1_158' title='bbox 1733 1447 1868 1544; x_wconf 76' lang='lat' dir='ltr'>conjux,</span> 
     </span>
     <span class='ocr_line' id='line_1_29' title="bbox 1104 1548 1873 1649; baseline -0.004 -22"><span class='ocrx_word' id='word_1_159' title='bbox 1104 1548 1245 1649; x_wconf 86' lang='lat' dir='ltr'>ejusque</span> <span class='ocrx_word' id='word_1_160' title='bbox 1273 1572 1384 1629; x_wconf 84' lang='lat' dir='ltr'>mater</span> <span class='ocrx_word' id='word_1_161' title='bbox 1409 1555 1588 1635; x_wconf 80' lang='lat' dir='ltr'>Theodora,</span> <span class='ocrx_word' id='word_1_162' title='bbox 1624 1578 1665 1625; x_wconf 90' lang='lat' dir='ltr'>ac</span> <span class='ocrx_word' id='word_1_163' title='bbox 1691 1549 1788 1624; x_wconf 90' lang='lat' dir='ltr'>soror</span> <span class='ocrx_word' id='word_1_164' title='bbox 1814 1552 1873 1625; x_wconf 88' lang='lat' dir='ltr'>al·</span> 
     </span>
     <span class='ocr_line' id='line_1_30' title="bbox 1103 1651 1873 1750; baseline -0.004 -23"><span class='ocrx_word' id='word_1_165' title='bbox 1103 1669 1177 1727; x_wconf 86' lang='lat' dir='ltr'>tera</span> <span class='ocrx_word' id='word_1_166' title='bbox 1203 1652 1391 1724; x_wconf 75' lang='lat' dir='ltr'>Theodora:</span> <span class='ocrx_word' id='word_1_167' title='bbox 1430 1680 1578 1750; x_wconf 88' lang='lat' dir='ltr'>quarum</span> <span class='ocrx_word' id='word_1_168' title='bbox 1613 1651 1704 1726; x_wconf 83' lang='lat' dir='ltr'>vitia</span> <span class='ocrx_word' id='word_1_169' title='bbox 1722 1652 1772 1732; x_wconf 68' lang='lat' dir='ltr'>‚ad</span> <span class='ocrx_word' id='word_1_170' title='bbox 1801 1676 1873 1750; x_wconf 90' lang='lat' dir='ltr'>po-</span> 
     </span>
     <span class='ocr_line' id='line_1_31' title="bbox 1103 1752 1872 1828; baseline -0.004 -2"><span class='ocrx_word' id='word_1_171' title='bbox 1103 1752 1207 1828; x_wconf 88' lang='lat' dir='ltr'>steros</span> <span class='ocrx_word' id='word_1_172' title='bbox 1232 1752 1421 1828; x_wconf 76' lang='lat' dir='ltr'>transmisit</span> <span class='ocrx_word' id='word_1_173' title='bbox 1447 1755 1613 1828; x_wconf 89' lang='lat' dir='ltr'>liberiore</span> <span class='ocrx_word' id='word_1_174' title='bbox 1648 1752 1730 1826; x_wconf 85' lang='lat' dir='ltr'>stilo</span> <span class='ocrx_word' id='word_1_175' title='bbox 1756 1752 1872 1825; x_wconf 91' lang='lat' dir='ltr'>Liut-</span> 
     </span>
     <span class='ocr_line' id='line_1_32' title="bbox 1105 1851 1875 1956; baseline 0 -28"><span class='ocrx_word' id='word_1_176' title='bbox 1105 1856 1254 1956; x_wconf 89' lang='lat' dir='ltr'>prandns</span> <span class='ocrx_word' id='word_1_177' title='bbox 1296 1856 1442 1929; x_wconf 91' lang='lat' dir='ltr'>illorum</span> <span class='ocrx_word' id='word_1_178' title='bbox 1484 1873 1684 1951; x_wconf 87' lang='lat' dir='ltr'>temporum</span> <span class='ocrx_word' id='word_1_179' title='bbox 1714 1851 1875 1947; x_wconf 80' lang='lat' dir='ltr'>Histori-</span> 
     </span>
     <span class='ocr_line' id='line_1_33' title="bbox 1105 1953 1872 2052; baseline -0.005 -21"><span class='ocrx_word' id='word_1_180' title='bbox 1105 1983 1189 2031; x_wconf 91' lang='lat' dir='ltr'>cus.</span> <span class='ocrx_word' id='word_1_181' title='bbox 1225 1955 1430 2050; x_wconf 81' lang='lat' dir='ltr'>Eodemque</span> <span class='ocrx_word' id='word_1_182' title='bbox 1469 1958 1618 2042; x_wconf 86' lang='lat' dir='ltr'>Seculo,</span> <span class='ocrx_word' id='word_1_183' title='bbox 1641 1953 1771 2052; x_wconf 86' lang='lat' dir='ltr'>¹quuin</span> <span class='ocrx_word' id='word_1_184' title='bbox 1800 1957 1872 2027; x_wconf 85' lang='lat' dir='ltr'>Ec-</span> 
     </span>
     <span class='ocr_line' id='line_1_34' title="bbox 1105 2052 1871 2155; baseline -0.003 -23"><span class='ocrx_word' id='word_1_185' title='bbox 1105 2058 1287 2132; x_wconf 86' lang='lat' dir='ltr'>cleliallica</span> <span class='ocrx_word' id='word_1_186' title='bbox 1326 2054 1513 2154; x_wconf 72' lang='lat' dir='ltr'>disciplina</span> <span class='ocrx_word' id='word_1_187' title='bbox 1554 2056 1663 2128; x_wconf 89' lang='lat' dir='ltr'>rimas</span> <span class='ocrx_word' id='word_1_188' title='bbox 1713 2052 1799 2155; x_wconf 88' lang='lat' dir='ltr'>undi</span> <span class='ocrx_word' id='word_1_189' title='bbox 1827 2080 1871 2130; x_wconf 88' lang='lat' dir='ltr'>ue</span> 
     </span>
     <span class='ocr_line' id='line_1_35' title="bbox 1105 2080 1869 2256; baseline -0.003 -23"><span class='ocrx_word' id='word_1_190' title='bbox 1105 2157 1353 2237; x_wconf 84' lang='lat' dir='ltr'>contraxisset,</span> <span class='ocrx_word' id='word_1_191' title='bbox 1374 2156 1493 2252; x_wconf 84' lang='lat' dir='ltr'>coepit</span> <span class='ocrx_word' id='word_1_192' title='bbox 1512 2155 1585 2256; x_wconf 88' lang='lat' dir='ltr'>ipse</span> <span class='ocrx_word' id='word_1_193' title='bbox 1605 2157 1732 2230; x_wconf 79' lang='lat' dir='ltr'>Cieros</span> <span class='ocrx_word' id='word_1_194' title='bbox 1751 2080 1869 2231; x_wconf 84' lang='lat' dir='ltr'>obser·</span> 
     </span>
    </p>
   </div>
   <div class='ocr_carea' id='block_1_10' title="bbox 96 2249 1869 2355">
    <p class='ocr_par' dir='ltr' id='par_1_10' title="bbox 96 2249 1869 2355">
     <span class='ocr_line' id='line_1_36' title="bbox 96 2249 1869 2355; baseline -0.003 -19"><span class='ocrx_word' id='word_1_195' title='bbox 96 2347 103 2355; x_wconf 41' lang='grc'><strong>,</strong></span> <span class='ocrx_word' id='word_1_196' title='bbox 230 2261 404 2337; x_wconf 90' lang='lat' dir='ltr'>adulteria</span> <span class='ocrx_word' id='word_1_197' title='bbox 430 2290 502 2338; x_wconf 91' lang='lat' dir='ltr'>non</span> <span class='ocrx_word' id='word_1_198' title='bbox 528 2261 689 2340; x_wconf 85' lang='lat' dir='ltr'>defuere.</span> <span class='ocrx_word' id='word_1_199' title='bbox 728 2265 883 2339; x_wconf 87' lang='lat' dir='ltr'>Adulter</span> <span class='ocrx_word' id='word_1_200' title='bbox 910 2269 993 2337; x_wconf 84' lang='lat' dir='ltr'>verb</span> <span class='ocrx_word' id='word_1_201' title='bbox 1022 2281 1068 2353; x_wconf 81' lang='lat' dir='ltr'>‚C</span> <span class='ocrx_word' id='word_1_202' title='bbox 1104 2249 1289 2333; x_wconf 69' lang='lat' dir='ltr'>vatam&#39;in</span> <span class='ocrx_word' id='word_1_203' title='bbox 1317 2257 1512 2330; x_wconf 86' lang='lat' dir='ltr'>Occidente</span> <span class='ocrx_word' id='word_1_204' title='bbox 1541 2251 1596 2330; x_wconf 62' lang='lat' dir='ltr'>vab</span> <span class='ocrx_word' id='word_1_205' title='bbox 1623 2257 1774 2331; x_wconf 89' lang='lat' dir='ltr'>exordio</span> <span class='ocrx_word' id='word_1_206' title='bbox 1800 2261 1869 2331; x_wconf 77' lang='lat' dir='ltr'>Ec-</span> 
     </span>
    </p>
   </div>
   <div class='ocr_carea' id='block_1_11' title="bbox 231 2363 994 2741">
    <p class='ocr_par' dir='ltr' id='par_1_11' title="bbox 231 2363 994 2741">
     <span class='ocr_line' id='line_1_37' title="bbox 231 2363 993 2466; baseline 0.001 -30"><span class='ocrx_word' id='word_1_207' title='bbox 231 2391 270 2437; x_wconf 90' lang='lat' dir='ltr'>ac</span> <span class='ocrx_word' id='word_1_208' title='bbox 311 2366 486 2440; x_wconf 72' lang='lat' dir='ltr'>Adultera</span> <span class='ocrx_word' id='word_1_209' title='bbox 522 2364 644 2466; x_wconf 86' lang='lat' dir='ltr'>paffim</span> <span class='ocrx_word' id='word_1_210' title='bbox 680 2365 863 2456; x_wconf 64' lang='lat' dir='ltr'>convitii,</span> <span class='ocrx_word' id='word_1_211' title='bbox 914 2363 993 2438; x_wconf 90' lang='lat' dir='ltr'>viro</span> 
     </span>
     <span class='ocr_line' id='line_1_38' title="bbox 231 2464 993 2566; baseline 0.003 -30"><span class='ocrx_word' id='word_1_212' title='bbox 231 2465 324 2540; x_wconf 90' lang='lat' dir='ltr'>laeso</span> <span class='ocrx_word' id='word_1_213' title='bbox 352 2469 516 2556; x_wconf 84' lang='lat' dir='ltr'>volente,</span> <span class='ocrx_word' id='word_1_214' title='bbox 553 2464 744 2540; x_wconf 80' lang='lat' dir='ltr'>Servitutis</span> <span class='ocrx_word' id='word_1_215' title='bbox 768 2464 993 2566; x_wconf 85' lang='lat' dir='ltr'>jugumpati</span> 
     </span>
     <span class='ocr_line' id='line_1_39' title="bbox 232 2564 993 2668; baseline -0.003 -29"><span class='ocrx_word' id='word_1_216' title='bbox 232 2569 471 2668; x_wconf 83' lang='lat' dir='ltr'>cogebantur3</span> <span class='ocrx_word' id='word_1_217' title='bbox 500 2565 626 2664; x_wconf 88' lang='lat' dir='ltr'>eosque</span> <span class='ocrx_word' id='word_1_218' title='bbox 653 2565 772 2640; x_wconf 85' lang='lat' dir='ltr'>Fiscus</span> <span class='ocrx_word' id='word_1_219' title='bbox 801 2569 931 2666; x_wconf 84' lang='lat' dir='ltr'>Regius</span> <span class='ocrx_word' id='word_1_220' title='bbox 951 2564 993 2638; x_wconf 89' lang='lat' dir='ltr'>ad</span> 
     </span>
     <span class='ocr_line' id='line_1_40' title="bbox 232 2665 994 2741; baseline -0.001 -2"><span class='ocrx_word' id='word_1_221' title='bbox 232 2667 267 2740; x_wconf 93' lang='lat' dir='ltr'>se</span> <span class='ocrx_word' id='word_1_222' title='bbox 293 2668 480 2741; x_wconf 83' lang='lat' dir='ltr'>trahebat.</span> <span class='ocrx_word' id='word_1_223' title='bbox 506 2665 711 2741; x_wconf 79' lang='lat' dir='ltr'>Comitib&#39;us</span> <span class='ocrx_word' id='word_1_224' title='bbox 738 2686 854 2739; x_wconf 92' lang='lat' dir='ltr'>autem</span> <span class='ocrx_word' id='word_1_225' title='bbox 883 2667 994 2739; x_wconf 89' lang='lat' dir='ltr'>sacul-</span> 
     </span>
    </p>
   </div>
   <div class='ocr_carea' id='block_1_12' title="bbox 81 2766 994 2868">
    <p class='ocr_par' dir='ltr' id='par_1_12' title="bbox 81 2766 994 2868">
     <span class='ocr_line' id='line_1_41' title="bbox 81 2766 994 2868; baseline 0 -27"><span class='ocrx_word' id='word_1_226' title='bbox 81 2864 82 2868; x_wconf 61' lang='lat'>,</span> <span class='ocrx_word' id='word_1_227' title='bbox 231 2785 284 2841; x_wconf 85' lang='lat' dir='ltr'>tas</span> <span class='ocrx_word' id='word_1_228' title='bbox 310 2768 393 2841; x_wconf 87' lang='lat' dir='ltr'>data</span> <span class='ocrx_word' id='word_1_229' title='bbox 432 2786 508 2842; x_wconf 84' lang='lat' dir='ltr'>erat</span> <span class='ocrx_word' id='word_1_230' title='bbox 546 2766 725 2841; x_wconf 86' lang='lat' dir='ltr'>faciendae</span> <span class='ocrx_word' id='word_1_231' title='bbox 752 2766 994 2865; x_wconf 76' lang='lat' dir='ltr'>inquisitionis</span> 
     </span>
    </p>
   </div>
   <div class='ocr_carea' id='block_1_13' title="bbox 230 2866 995 3174">
    <p class='ocr_par' dir='ltr' id='par_1_13' title="bbox 230 2866 995 3174">
     <span class='ocr_line' id='line_1_42' title="bbox 231 2866 995 2969; baseline 0 -26"><span class='ocrx_word' id='word_1_232' title='bbox 231 2869 273 2943; x_wconf 87' lang='lat' dir='ltr'>de</span> <span class='ocrx_word' id='word_1_233' title='bbox 300 2866 376 2966; x_wconf 88' lang='lat' dir='ltr'>ipsa</span> <span class='ocrx_word' id='word_1_234' title='bbox 400 2866 653 2969; x_wconf 68' lang='lat' dir='ltr'>conjunsiione</span> <span class='ocrx_word' id='word_1_235' title='bbox 687 2867 893 2943; x_wconf 86' lang='lat' dir='ltr'>Adulterii:</span> <span class='ocrx_word' id='word_1_236' title='bbox 941 2888 995 2943; x_wconf 89' lang='lat' dir='ltr'>at·</span> 
     </span>
     <span class='ocr_line' id='line_1_43' title="bbox 230 2968 992 3074; baseline 0 -30"><span class='ocrx_word' id='word_1_237' title='bbox 230 2996 300 3070; x_wconf 88' lang='lat' dir='ltr'>que</span> <span class='ocrx_word' id='word_1_238' title='bbox 325 2970 528 3074; x_wconf 83' lang='lat' dir='ltr'>hujusmodi</span> <span class='ocrx_word' id='word_1_239' title='bbox 555 2968 716 3045; x_wconf 91' lang='lat' dir='ltr'>criminis</span> <span class='ocrx_word' id='word_1_240' title='bbox 750 2970 992 3071; x_wconf 87' lang='lat' dir='ltr'>cognitionem</span> 
     </span>
     <span class='ocr_line' id='line_1_44' title="bbox 231 3070 993 3174; baseline -0.003 -28"><span class='ocrx_word' id='word_1_241' title='bbox 231 3072 363 3147; x_wconf 89' lang='lat' dir='ltr'>alicubi</span> <span class='ocrx_word' id='word_1_242' title='bbox 391 3072 553 3169; x_wconf 74' lang='lat' dir='ltr'>spesialse</span> <span class='ocrx_word' id='word_1_243' title='bbox 579 3071 621 3146; x_wconf 87' lang='lat' dir='ltr'>ad</span> <span class='ocrx_word' id='word_1_244' title='bbox 663 3070 878 3172; x_wconf 87' lang='lat' dir='ltr'>Episcopos,</span> <span class='ocrx_word' id='word_1_245' title='bbox 923 3075 993 3174; x_wconf 87' lang='lat' dir='ltr'>jain</span> 
     </span>
    </p>
   </div>
   <div class='ocr_carea' id='block_1_14' title="bbox 1103 2356 1871 2857">
    <p class='ocr_par' dir='ltr' id='par_1_14' title="bbox 1103 2356 1871 2857">
     <span class='ocr_line' id='line_1_45' title="bbox 1104 2356 1869 2443; baseline 0.004 -11"><span class='ocrx_word' id='word_1_246' title='bbox 1104 2357 1223 2432; x_wconf 76' lang='lat' dir='ltr'>clasiae</span> <span class='ocrx_word' id='word_1_247' title='bbox 1250 2356 1508 2430; x_wconf 87' lang='lat' dir='ltr'>continentiam</span> <span class='ocrx_word' id='word_1_248' title='bbox 1537 2377 1784 2443; x_wconf 86' lang='lat' dir='ltr'>contemnere,</span> <span class='ocrx_word' id='word_1_249' title='bbox 1808 2384 1869 2435; x_wconf 86' lang='lat' dir='ltr'>eo-</span> 
     </span>
     <span class='ocr_line' id='line_1_46' title="bbox 1103 2457 1870 2560; baseline 0.001 -26"><span class='ocrx_word' id='word_1_250' title='bbox 1103 2487 1170 2560; x_wconf 88' lang='lat' dir='ltr'>que</span> <span class='ocrx_word' id='word_1_251' title='bbox 1190 2460 1337 2532; x_wconf 86' lang='lat' dir='ltr'>tandem</span> <span class='ocrx_word' id='word_1_252' title='bbox 1380 2457 1488 2533; x_wconf 83' lang='lat' dir='ltr'>evasit</span> <span class='ocrx_word' id='word_1_253' title='bbox 1515 2459 1709 2558; x_wconf 89' lang='lat' dir='ltr'>malesanus</span> <span class='ocrx_word' id='word_1_254' title='bbox 1744 2460 1870 2542; x_wconf 67' lang='lat' dir='ltr'>ardon·</span> 
     </span>
     <span class='ocr_line' id='line_1_47' title="bbox 1104 2557 1870 2654; baseline 0.003 -18"><span class='ocrx_word' id='word_1_255' title='bbox 1104 2581 1144 2636; x_wconf 92' lang='lat' dir='ltr'>ut</span> <span class='ocrx_word' id='word_1_256' title='bbox 1190 2557 1415 2654; x_wconf 82' lang='lat' dir='ltr'>Presbyteri,</span> <span class='ocrx_word' id='word_1_257' title='bbox 1456 2561 1584 2633; x_wconf 90' lang='lat' dir='ltr'>nedum</span> <span class='ocrx_word' id='word_1_258' title='bbox 1637 2562 1790 2637; x_wconf 89' lang='lat' dir='ltr'>Diaconi</span> <span class='ocrx_word' id='word_1_259' title='bbox 1831 2564 1870 2637; x_wconf 67' lang='grc' dir='ltr'><strong>ἃ</strong></span> 
     </span>
     <span class='ocr_line' id='line_1_48' title="bbox 1104 2659 1871 2741; baseline 0.001 -4"><span class='ocrx_word' id='word_1_260' title='bbox 1104 2663 1338 2741; x_wconf 86' lang='lat' dir='ltr'>Subdiaconi,</span> <span class='ocrx_word' id='word_1_261' title='bbox 1375 2659 1523 2735; x_wconf 89' lang='lat' dir='ltr'>seminas</span> <span class='ocrx_word' id='word_1_262' title='bbox 1551 2660 1611 2735; x_wconf 95' lang='lat' dir='ltr'>sub</span> <span class='ocrx_word' id='word_1_263' title='bbox 1640 2663 1802 2737; x_wconf 84' lang='lat' dir='ltr'>omniunt</span> <span class='ocrx_word' id='word_1_264' title='bbox 1826 2689 1871 2738; x_wconf 87' lang='grc' dir='ltr'>ο-</span> 
     </span>
     <span class='ocr_line' id='line_1_49' title="bbox 1104 2762 1868 2857; baseline 0.004 -20"><span class='ocrx_word' id='word_1_265' title='bbox 1104 2764 1194 2838; x_wconf 91' lang='lat' dir='ltr'>culis</span> <span class='ocrx_word' id='word_1_266' title='bbox 1239 2766 1319 2837; x_wconf 87' lang='lat' dir='ltr'>loco</span> <span class='ocrx_word' id='word_1_267' title='bbox 1364 2762 1486 2836; x_wconf 83' lang='lat' dir='ltr'>uxoris</span> <span class='ocrx_word' id='word_1_268' title='bbox 1531 2762 1722 2857; x_wconf 89' lang='lat' dir='ltr'>baberent,</span> <span class='ocrx_word' id='word_1_269' title='bbox 1776 2764 1868 2840; x_wconf 87' lang='lat' dir='ltr'>illud</span> 
     </span>
    </p>
   </div>
   <div class='ocr_carea' id='block_1_15' title="bbox 1049 2864 1871 2967">
    <p class='ocr_par' dir='ltr' id='par_1_15' title="bbox 1049 2864 1871 2967">
     <span class='ocr_line' id='line_1_50' title="bbox 1049 2864 1871 2967; baseline 0.005 -29"><span class='ocrx_word' id='word_1_270' title='bbox 1049 2961 1052 2965; x_wconf 10' lang='grc' dir='ltr'>ι</span> <span class='ocrx_word' id='word_1_271' title='bbox 1105 2864 1270 2945; x_wconf 73' lang='lat' dir='ltr'>causati,</span> <span class='ocrx_word' id='word_1_272' title='bbox 1306 2890 1368 2938; x_wconf 91' lang='lat' dir='ltr'>cur</span> <span class='ocrx_word' id='word_1_273' title='bbox 1401 2890 1473 2936; x_wconf 95' lang='lat' dir='ltr'>non</span> <span class='ocrx_word' id='word_1_274' title='bbox 1501 2865 1563 2940; x_wconf 88' lang='lat' dir='ltr'>sibi</span> <span class='ocrx_word' id='word_1_275' title='bbox 1590 2867 1735 2949; x_wconf 87' lang='lat' dir='ltr'>liceret,</span> <span class='ocrx_word' id='word_1_276' title='bbox 1771 2866 1871 2967; x_wconf 87' lang='lat' dir='ltr'>quod</span> 
     </span>
    </p>
   </div>
   <div class='ocr_carea' id='block_1_16' title="bbox 1104 2966 1872 3170">
    <p class='ocr_par' dir='ltr' id='par_1_16' title="bbox 1104 2966 1872 3170">
     <span class='ocr_line' id='line_1_51' title="bbox 1104 2966 1871 3064; baseline 0.004 -24"><span class='ocrx_word' id='word_1_277' title='bbox 1104 2967 1195 3064; x_wconf 90' lang='lat' dir='ltr'>apud</span> <span class='ocrx_word' id='word_1_278' title='bbox 1235 2971 1388 3041; x_wconf 87' lang='lat' dir='ltr'>Graecos</span> <span class='ocrx_word' id='word_1_279' title='bbox 1439 2966 1588 3042; x_wconf 89' lang='lat' dir='ltr'>minime</span> <span class='ocrx_word' id='word_1_280' title='bbox 1629 2966 1724 3042; x_wconf 87' lang='lat' dir='ltr'>nesas</span> <span class='ocrx_word' id='word_1_281' title='bbox 1759 2966 1871 3043; x_wconf 76' lang='lat' dir='ltr'>erat?</span> 
     </span>
     <span class='ocr_line' id='line_1_52' title="bbox 1105 3064 1872 3170; baseline 0.001 -26"><span class='ocrx_word' id='word_1_282' title='bbox 1105 3074 1230 3168; x_wconf 87' lang='lat' dir='ltr'>Longe</span> <span class='ocrx_word' id='word_1_283' title='bbox 1257 3066 1380 3165; x_wconf 85' lang='lat' dir='ltr'>utique</span> <span class='ocrx_word' id='word_1_284' title='bbox 1408 3064 1549 3143; x_wconf 83' lang='lat' dir='ltr'>facilius</span> <span class='ocrx_word' id='word_1_285' title='bbox 1585 3070 1763 3170; x_wconf 89' lang='lat' dir='ltr'>pullulant</span> <span class='ocrx_word' id='word_1_286' title='bbox 1799 3068 1872 3146; x_wconf 85' lang='lat' dir='ltr'>Vi-</span> 
     </span>
    </p>
   </div>
   <div class='ocr_carea' id='block_1_17' title="bbox 230 3166 1872 3269">
    <p class='ocr_par' dir='ltr' id='par_1_17' title="bbox 230 3166 1872 3269">
     <span class='ocr_line' id='line_1_53' title="bbox 230 3166 1872 3269; baseline -0.003 -22"><span class='ocrx_word' id='word_1_287' title='bbox 230 3176 355 3249; x_wconf 81' lang='lat' dir='ltr'>moii&#39;ui</span> <span class='ocrx_word' id='word_1_288' title='bbox 381 3174 421 3251; x_wconf 93' lang='lat' dir='ltr'>in</span> <span class='ocrx_word' id='word_1_289' title='bbox 450 3174 700 3250; x_wconf 85' lang='lat' dir='ltr'>Dilsertatione</span> <span class='ocrx_word' id='word_1_290' title='bbox 732 3179 831 3249; x_wconf 88' lang='lat' dir='ltr'>lllll.</span> <span class='ocrx_word' id='word_1_291' title='bbox 858 3178 898 3246; x_wconf 85' lang='lat' dir='ltr'>de</span> <span class='ocrx_word' id='word_1_292' title='bbox 926 3183 994 3246; x_wconf 81' lang='lat' dir='ltr'>Hi·</span> <span class='ocrx_word' id='word_1_293' title='bbox 1033 3191 1069 3261; x_wconf 88' lang='lat'>1)</span> <span class='ocrx_word' id='word_1_294' title='bbox 1104 3170 1179 3261; x_wconf 91' lang='lat' dir='ltr'>tia,</span> <span class='ocrx_word' id='word_1_295' title='bbox 1206 3171 1312 3268; x_wconf 70' lang='lat' dir='ltr'>quani</span> <span class='ocrx_word' id='word_1_296' title='bbox 1340 3167 1529 3244; x_wconf 88' lang='lat' dir='ltr'>Virtutes:</span> <span class='ocrx_word' id='word_1_297' title='bbox 1571 3194 1675 3269; x_wconf 87' lang='lat' dir='ltr'>quare</span> <span class='ocrx_word' id='word_1_298' title='bbox 1700 3166 1872 3268; x_wconf 82' lang='lat' dir='ltr'>pestilen-</span> 
     </span>
    </p>
   </div>
   <div class='ocr_carea' id='block_1_18' title="bbox 144 3275 995 4081">
    <p class='ocr_par' dir='ltr' id='par_1_18' title="bbox 144 3275 995 4081">
     <span class='ocr_line' id='line_1_54' title="bbox 144 3275 993 3375; baseline 0.002 -28"><span class='ocrx_word' id='word_1_299' title='bbox 144 3296 153 3307; x_wconf 85' lang='grc'>·</span> <span class='ocrx_word' id='word_1_300' title='bbox 230 3280 370 3349; x_wconf 55' lang='lat' dir='ltr'>minster</span> <span class='ocrx_word' id='word_1_301' title='bbox 414 3277 580 3350; x_wconf 52' lang='lat' dir='ltr'>Liberis,</span> <span class='ocrx_word' id='word_1_302' title='bbox 605 3275 827 3375; x_wconf 69' lang='lat' dir='ltr'>Deprehensi</span> <span class='ocrx_word' id='word_1_303' title='bbox 876 3295 993 3350; x_wconf 85' lang='lat' dir='ltr'>autem</span> 
     </span>
     <span class='ocr_line' id='line_1_55' title="bbox 229 3377 994 3467; baseline -0.008 -10"><span class='ocrx_word' id='word_1_304' title='bbox 229 3377 379 3457; x_wconf 82' lang='lat' dir='ltr'>muliere</span> <span class='ocrx_word' id='word_1_305' title='bbox 419 3377 619 3451; x_wconf 88' lang='lat' dir='ltr'>consentire</span> <span class='ocrx_word' id='word_1_306' title='bbox 657 3377 810 3451; x_wconf 72' lang='lat' dir='ltr'>tristibus</span> <span class='ocrx_word' id='word_1_307' title='bbox 837 3378 994 3467; x_wconf 90' lang='lat' dir='ltr'>impudi-</span> 
     </span>
     <span class='ocr_line' id='line_1_56' title="bbox 230 3475 995 3563; baseline 0 -16"><span class='ocrx_word' id='word_1_308' title='bbox 230 3477 282 3548; x_wconf 85' lang='lat' dir='ltr'>cis</span> <span class='ocrx_word' id='word_1_309' title='bbox 298 3475 474 3563; x_wconf 77' lang='lat' dir='ltr'>,Marito</span> <span class='ocrx_word' id='word_1_310' title='bbox 501 3477 632 3549; x_wconf 82' lang='lat' dir='ltr'>licebat</span> <span class='ocrx_word' id='word_1_311' title='bbox 659 3476 693 3544; x_wconf 81' lang='lat' dir='ltr'>iii</span> <span class='ocrx_word' id='word_1_312' title='bbox 719 3504 788 3548; x_wconf 85' lang='lat' dir='ltr'>eam</span> <span class='ocrx_word' id='word_1_313' title='bbox 812 3476 995 3550; x_wconf 71' lang='lat' dir='ltr'>vindissam</span> 
     </span>
     <span class='ocr_line' id='line_1_57' title="bbox 229 3574 995 3667; baseline -0.001 -20"><span class='ocrx_word' id='word_1_314' title='bbox 229 3580 328 3655; x_wconf 73' lang='lat' dir='ltr'>dm,</span> <span class='ocrx_word' id='word_1_315' title='bbox 347 3574 423 3660; x_wconf 78' lang='lat' dir='ltr'>sive</span> <span class='ocrx_word' id='word_1_316' title='bbox 448 3575 483 3643; x_wconf 79' lang='lat' dir='ltr'>r&#39;ii</span> <span class='ocrx_word' id='word_1_317' title='bbox 509 3575 701 3667; x_wconf 76' lang='lat' dir='ltr'>disciplina,</span> <span class='ocrx_word' id='word_1_318' title='bbox 721 3574 796 3658; x_wconf 84' lang='lat' dir='ltr'>sive</span> <span class='ocrx_word' id='word_1_319' title='bbox 820 3574 855 3645; x_wconf 90' lang='lat' dir='ltr'>i&#39;ii</span> <span class='ocrx_word' id='word_1_320' title='bbox 877 3578 995 3646; x_wconf 81' lang='lat' dir='ltr'>viiidi-</span> 
     </span>
     <span class='ocr_line' id='line_1_58' title="bbox 229 3675 995 3767; baseline 0 -20"><span class='ocrx_word' id='word_1_321' title='bbox 229 3677 340 3749; x_wconf 72' lang='lat' dir='ltr'>tione:</span> <span class='ocrx_word' id='word_1_322' title='bbox 362 3692 579 3746; x_wconf 69' lang='lat' dir='ltr'>vemrntmiieri</span> <span class='ocrx_word' id='word_1_323' title='bbox 607 3698 667 3742; x_wconf 85' lang='lat' dir='ltr'>riori</span> <span class='ocrx_word' id='word_1_324' title='bbox 687 3675 866 3767; x_wconf 76' lang='lat' dir='ltr'>occidatur,</span> <span class='ocrx_word' id='word_1_325' title='bbox 894 3704 947 3748; x_wconf 82' lang='lat' dir='ltr'>iiec</span> <span class='ocrx_word' id='word_1_326' title='bbox 964 3677 995 3747; x_wconf 81' lang='lat' dir='ltr'>ei</span> 
     </span>
     <span class='ocr_line' id='line_1_59' title="bbox 223 3772 994 3874; baseline 0.006 -27"><span class='ocrx_word' id='word_1_327' title='bbox 223 3775 373 3870; x_wconf 77' lang='lat' dir='ltr'>formatio</span> <span class='ocrx_word' id='word_1_328' title='bbox 396 3775 531 3871; x_wconf 78' lang='lat' dir='ltr'>carparis</span> <span class='ocrx_word' id='word_1_329' title='bbox 546 3772 635 3867; x_wconf 75' lang='lat' dir='ltr'>fiat.</span> <span class='ocrx_word' id='word_1_330' title='bbox 672 3772 709 3848; x_wconf 86' lang='lat' dir='ltr'>Si</span> <span class='ocrx_word' id='word_1_331' title='bbox 754 3781 840 3850; x_wconf 83' lang='lat' dir='ltr'>verb</span> <span class='ocrx_word' id='word_1_332' title='bbox 877 3775 994 3874; x_wconf 86' lang='lat' dir='ltr'>impii·</span> 
     </span>
     <span class='ocr_line' id='line_1_60' title="bbox 229 3875 993 3978; baseline 0.001 -27"><span class='ocrx_word' id='word_1_333' title='bbox 229 3877 329 3951; x_wconf 85' lang='lat' dir='ltr'>dicus</span> <span class='ocrx_word' id='word_1_334' title='bbox 355 3877 505 3950; x_wconf 84' lang='lat' dir='ltr'>multam</span> <span class='ocrx_word' id='word_1_335' title='bbox 532 3880 669 3978; x_wconf 84' lang='lat' dir='ltr'>aLegc</span> <span class='ocrx_word' id='word_1_336' title='bbox 689 3875 899 3977; x_wconf 80' lang='lat' dir='ltr'>propositam</span> <span class='ocrx_word' id='word_1_337' title='bbox 924 3878 993 3952; x_wconf 87' lang='lat' dir='ltr'>sol-</span> 
     </span>
     <span class='ocr_line' id='line_1_61' title="bbox 229 3977 994 4081; baseline 0.007 -31"><span class='ocrx_word' id='word_1_338' title='bbox 229 3978 346 4052; x_wconf 75' lang='lat' dir='ltr'>vendo</span> <span class='ocrx_word' id='word_1_339' title='bbox 366 3979 488 4077; x_wconf 83' lang='lat' dir='ltr'>impar</span> <span class='ocrx_word' id='word_1_340' title='bbox 511 3996 607 4065; x_wconf 85' lang='lat' dir='ltr'>erat,</span> <span class='ocrx_word' id='word_1_341' title='bbox 632 3978 836 4055; x_wconf 85' lang='lat' dir='ltr'>tradebatur</span> <span class='ocrx_word' id='word_1_342' title='bbox 861 3977 900 4055; x_wconf 80' lang='grc' dir='ltr'>δι</span> <span class='ocrx_word' id='word_1_343' title='bbox 921 3977 994 4081; x_wconf 91' lang='lat' dir='ltr'>ipse</span> 
     </span>
    </p>
   </div>
   <div class='ocr_carea' id='block_1_19' title="bbox 1104 3267 1874 3348">
    <p class='ocr_par' dir='ltr' id='par_1_19' title="bbox 1104 3267 1874 3348">
     <span class='ocr_line' id='line_1_62' title="bbox 1104 3267 1874 3348; baseline 0 -1"><span class='ocrx_word' id='word_1_344' title='bbox 1104 3270 1155 3347; x_wconf 87' lang='lat' dir='ltr'>tia</span> <span class='ocrx_word' id='word_1_345' title='bbox 1182 3269 1267 3345; x_wconf 86' lang='lat' dir='ltr'>baec</span> <span class='ocrx_word' id='word_1_346' title='bbox 1292 3267 1471 3344; x_wconf 85' lang='lat' dir='ltr'>universas</span> <span class='ocrx_word' id='word_1_347' title='bbox 1498 3270 1569 3345; x_wconf 87' lang='lat' dir='ltr'>lere</span> <span class='ocrx_word' id='word_1_348' title='bbox 1605 3267 1732 3346; x_wconf 84' lang='lat' dir='ltr'>ltaliae</span> <span class='ocrx_word' id='word_1_349' title='bbox 1757 3268 1874 3348; x_wconf 79' lang='lat' dir='ltr'>Ciri-</span> 
     </span>
    </p>
   </div>
   <div class='ocr_carea' id='block_1_20' title="bbox 1104 3370 1873 3548">
    <p class='ocr_par' dir='ltr' id='par_1_20' title="bbox 1104 3370 1873 3548">
     <span class='ocr_line' id='line_1_63' title="bbox 1104 3370 1873 3548; baseline 0.001 -102"><span class='ocrx_word' id='word_1_350' title='bbox 1104 3390 1217 3456; x_wconf 85' lang='lat' dir='ltr'>tates,</span> <span class='ocrx_word' id='word_1_351' title='bbox 1242 3371 1424 3548; x_wconf 59' lang='lat' dir='ltr'>igsamque</span> <span class='ocrx_word' id='word_1_352' title='bbox 1452 3372 1614 3457; x_wconf 86' lang='lat' dir='ltr'>Urbem,</span> <span class='ocrx_word' id='word_1_353' title='bbox 1653 3370 1787 3446; x_wconf 87' lang='lat' dir='ltr'>sensim&#39;</span> <span class='ocrx_word' id='word_1_354' title='bbox 1811 3371 1873 3451; x_wconf 86' lang='lat' dir='ltr'>iu·</span> 
     </span>
    </p>
   </div>
   <div class='ocr_carea' id='block_1_21' title="bbox 1103 3472 1965 4083">
    <p class='ocr_par' dir='ltr' id='par_1_21' title="bbox 1103 3472 1965 4083">
     <span class='ocr_line' id='line_1_64' title="bbox 1104 3472 1870 3569; baseline 0.003 -23"><span class='ocrx_word' id='word_1_355' title='bbox 1104 3473 1211 3547; x_wconf 87' lang='lat' dir='ltr'>vasit.</span> <span class='ocrx_word' id='word_1_356' title='bbox 1284 3473 1505 3548; x_wconf 82' lang='lat' dir='ltr'>onniirebant</span> <span class='ocrx_word' id='word_1_357' title='bbox 1544 3472 1630 3548; x_wconf 86' lang='lat' dir='ltr'>niali</span> <span class='ocrx_word' id='word_1_358' title='bbox 1669 3473 1870 3569; x_wconf 76' lang='lat' dir='ltr'>Praesules,</span> 
     </span>
     <span class='ocr_line' id='line_1_65' title="bbox 1103 3572 1870 3674; baseline 0.003 -26"><span class='ocrx_word' id='word_1_359' title='bbox 1103 3574 1310 3648; x_wconf 86' lang='lat' dir='ltr'>obsistebant</span> <span class='ocrx_word' id='word_1_360' title='bbox 1335 3573 1445 3674; x_wconf 80' lang='lat' dir='ltr'>boni3</span> <span class='ocrx_word' id='word_1_361' title='bbox 1486 3594 1593 3674; x_wconf 87' lang='lat' dir='ltr'>atque</span> <span class='ocrx_word' id='word_1_362' title='bbox 1619 3576 1715 3650; x_wconf 87' lang='lat' dir='ltr'>inter</span> <span class='ocrx_word' id='word_1_363' title='bbox 1739 3572 1870 3672; x_wconf 85' lang='lat' dir='ltr'>postte·</span> 
     </span>
     <span class='ocr_line' id='line_1_66' title="bbox 1104 3671 1872 3754; baseline 0.009 -7"><span class='ocrx_word' id='word_1_364' title='bbox 1104 3687 1181 3748; x_wconf 91' lang='lat' dir='ltr'>mos</span> <span class='ocrx_word' id='word_1_365' title='bbox 1207 3671 1311 3749; x_wconf 89' lang='lat' dir='ltr'>hosce</span> <span class='ocrx_word' id='word_1_366' title='bbox 1336 3675 1427 3748; x_wconf 87' lang='lat' dir='ltr'>inibi</span> <span class='ocrx_word' id='word_1_367' title='bbox 1454 3675 1652 3753; x_wconf 83' lang='lat' dir='ltr'>referendus</span> <span class='ocrx_word' id='word_1_368' title='bbox 1677 3676 1724 3752; x_wconf 82' lang='lat' dir='ltr'>eil</span> <span class='ocrx_word' id='word_1_369' title='bbox 1747 3676 1872 3754; x_wconf 82' lang='lat' dir='ltr'>Wari-</span> 
     </span>
     <span class='ocr_line' id='line_1_67' title="bbox 1104 3773 1873 3880; baseline 0.007 -32"><span class='ocrx_word' id='word_1_370' title='bbox 1104 3802 1169 3849; x_wconf 92' lang='lat' dir='ltr'>nus</span> <span class='ocrx_word' id='word_1_371' title='bbox 1206 3773 1274 3850; x_wconf 88' lang='lat' dir='ltr'>sive</span> <span class='ocrx_word' id='word_1_372' title='bbox 1309 3776 1487 3854; x_wconf 88' lang='lat' dir='ltr'>Guarinus</span> <span class='ocrx_word' id='word_1_373' title='bbox 1514 3777 1640 3878; x_wconf 86' lang='lat' dir='ltr'>(quod</span> <span class='ocrx_word' id='word_1_374' title='bbox 1667 3777 1760 3852; x_wconf 87' lang='lat' dir='ltr'>idem</span> <span class='ocrx_word' id='word_1_375' title='bbox 1787 3776 1873 3880; x_wconf 87' lang='lat' dir='ltr'>est)</span> 
     </span>
     <span class='ocr_line' id='line_1_68' title="bbox 1107 3875 1871 3980; baseline 0.009 -30"><span class='ocrx_word' id='word_1_376' title='bbox 1107 3875 1318 3951; x_wconf 89' lang='lat' dir='ltr'>Mutinensis</span> <span class='ocrx_word' id='word_1_377' title='bbox 1338 3877 1552 3979; x_wconf 83' lang='lat' dir='ltr'>Episcopus,</span> <span class='ocrx_word' id='word_1_378' title='bbox 1579 3881 1641 3980; x_wconf 89' lang='lat' dir='ltr'>qui</span> <span class='ocrx_word' id='word_1_379' title='bbox 1657 3884 1871 3957; x_wconf 73' lang='lat' dir='ltr'>AnnoMV.</span> 
     </span>
     <span class='ocr_line' id='line_1_69' title="bbox 1107 3975 1965 4083; baseline 0.008 -32"><span class='ocrx_word' id='word_1_380' title='bbox 1107 3975 1278 4052; x_wconf 84' lang='lat' dir='ltr'>Ecclesiae</span> <span class='ocrx_word' id='word_1_381' title='bbox 1323 3978 1406 4052; x_wconf 85' lang='lat' dir='ltr'>liuic</span> <span class='ocrx_word' id='word_1_382' title='bbox 1451 4002 1640 4079; x_wconf 83' lang='lat' dir='ltr'>praeerat.</span> <span class='ocrx_word' id='word_1_383' title='bbox 1689 3981 1873 4083; x_wconf 82' lang='lat' dir='ltr'>Adigebat</span> <span class='ocrx_word' id='word_1_384' title='bbox 1961 4010 1965 4017; x_wconf 91' lang='lat'><em>·</em></span> 
     </span>
    </p>
   </div>
   <div class='ocr_carea' id='block_1_22' title="bbox 171 4078 1874 4181">
    <p class='ocr_par' dir='ltr' id='par_1_22' title="bbox 171 4078 1874 4181">
     <span class='ocr_line' id='line_1_70' title="bbox 171 4078 1874 4181; baseline 0.005 -32"><span class='ocrx_word' id='word_1_385' title='bbox 171 4144 174 4149; x_wconf 87' lang='lat'><em>.</em></span> <span class='ocrx_word' id='word_1_386' title='bbox 228 4080 368 4155; x_wconf 85' lang='lat' dir='ltr'>Marito</span> <span class='ocrx_word' id='word_1_387' title='bbox 407 4080 443 4151; x_wconf 85' lang='lat' dir='ltr'>iii</span> <span class='ocrx_word' id='word_1_388' title='bbox 476 4078 672 4175; x_wconf 77' lang='lat' dir='ltr'>disciplina,</span> <span class='ocrx_word' id='word_1_389' title='bbox 707 4084 766 4154; x_wconf 81' lang='lat' dir='ltr'>uel</span> <span class='ocrx_word' id='word_1_390' title='bbox 788 4085 997 4156; x_wconf 74' lang='lat' dir='ltr'>venditionei</span> <span class='ocrx_word' id='word_1_391' title='bbox 1040 4091 1068 4161; x_wconf 87' lang='lat' dir='ltr'>E</span> <span class='ocrx_word' id='word_1_392' title='bbox 1107 4080 1171 4156; x_wconf 91' lang='lat' dir='ltr'>ille</span> <span class='ocrx_word' id='word_1_393' title='bbox 1196 4078 1435 4181; x_wconf 89' lang='lat' dir='ltr'>quoscumque</span> <span class='ocrx_word' id='word_1_394' title='bbox 1464 4084 1699 4178; x_wconf 67' lang='lat' dir='ltr'>&#39;Presbyteros</span> <span class='ocrx_word' id='word_1_395' title='bbox 1733 4084 1777 4158; x_wconf 87' lang='lat' dir='ltr'>ad</span> <span class='ocrx_word' id='word_1_396' title='bbox 1804 4085 1874 4158; x_wconf 86' lang='lat' dir='ltr'>Be-</span> 
     </span>
    </p>
   </div>
   <div class='ocr_carea' id='block_1_23' title="bbox 194 4179 994 4689">
    <p class='ocr_par' dir='ltr' id='par_1_23' title="bbox 194 4179 994 4689">
     <span class='ocr_line' id='line_1_71' title="bbox 228 4179 993 4281; baseline 0.003 -23"><span class='ocrx_word' id='word_1_397' title='bbox 228 4188 328 4258; x_wconf 89' lang='lat' dir='ltr'>Haec</span> <span class='ocrx_word' id='word_1_398' title='bbox 353 4179 594 4281; x_wconf 83' lang='lat' dir='ltr'>Liutprandus</span> <span class='ocrx_word' id='word_1_399' title='bbox 619 4184 714 4252; x_wconf 83' lang='lat' dir='ltr'>Rex.</span> <span class='ocrx_word' id='word_1_400' title='bbox 743 4185 913 4281; x_wconf 71' lang='lat' dir='ltr'>Decrevit</span> <span class='ocrx_word' id='word_1_401' title='bbox 930 4212 993 4258; x_wconf 87' lang='lat' dir='ltr'>au-</span> 
     </span>
     <span class='ocr_line' id='line_1_72' title="bbox 228 4282 994 4366; baseline -0.005 -6"><span class='ocrx_word' id='word_1_402' title='bbox 228 4306 299 4361; x_wconf 92' lang='lat' dir='ltr'>tem</span> <span class='ocrx_word' id='word_1_403' title='bbox 330 4282 498 4360; x_wconf 85' lang='lat' dir='ltr'>Rotharis</span> <span class='ocrx_word' id='word_1_404' title='bbox 536 4286 637 4364; x_wconf 84' lang='lat' dir='ltr'>Rex,</span> <span class='ocrx_word' id='word_1_405' title='bbox 671 4298 714 4354; x_wconf 89' lang='lat' dir='ltr'>ut</span> <span class='ocrx_word' id='word_1_406' title='bbox 739 4284 899 4366; x_wconf 86' lang='lat' dir='ltr'>Marito,</span> <span class='ocrx_word' id='word_1_407' title='bbox 933 4283 994 4357; x_wconf 90' lang='lat' dir='ltr'>de-</span> 
     </span>
     <span class='ocr_line' id='line_1_73' title="bbox 227 4380 992 4482; baseline -0.005 -20"><span class='ocrx_word' id='word_1_408' title='bbox 227 4386 457 4482; x_wconf 86' lang='lat' dir='ltr'>prehendeati</span> <span class='ocrx_word' id='word_1_409' title='bbox 500 4383 665 4460; x_wconf 85' lang='lat' dir='ltr'>Uxorem</span> <span class='ocrx_word' id='word_1_410' title='bbox 702 4380 740 4456; x_wconf 92' lang='lat' dir='ltr'>in</span> <span class='ocrx_word' id='word_1_411' title='bbox 768 4384 992 4466; x_wconf 72' lang='lat' dir='ltr'>anuntio,</span> 
     </span>
     <span class='ocr_line' id='line_1_74' title="bbox 194 4485 993 4586; baseline 0.004 -27"><span class='ocrx_word' id='word_1_412' title='bbox 194 4571 198 4578; x_wconf 28' lang='lat'>¹</span> <span class='ocrx_word' id='word_1_413' title='bbox 229 4488 282 4583; x_wconf 89' lang='lat' dir='ltr'>jus</span> <span class='ocrx_word' id='word_1_414' title='bbox 309 4489 427 4580; x_wconf 89' lang='lat' dir='ltr'>soret,</span> <span class='ocrx_word' id='word_1_415' title='bbox 463 4506 670 4578; x_wconf 81' lang='lat' dir='ltr'>tameam,</span> <span class='ocrx_word' id='word_1_416' title='bbox 708 4485 816 4586; x_wconf 74' lang='lat' dir='ltr'>quam</span> <span class='ocrx_word' id='word_1_417' title='bbox 855 4487 993 4562; x_wconf 87' lang='lat' dir='ltr'>adulte·</span> 
     </span>
     <span class='ocr_line' id='line_1_75' title="bbox 227 4587 992 4689; baseline 0.009 -32"><span class='ocrx_word' id='word_1_418' title='bbox 227 4612 306 4658; x_wconf 89' lang='lat' dir='ltr'>rum</span> <span class='ocrx_word' id='word_1_419' title='bbox 341 4589 486 4689; x_wconf 86' lang='lat' dir='ltr'>impune</span> <span class='ocrx_word' id='word_1_420' title='bbox 528 4587 745 4664; x_wconf 89' lang='lat' dir='ltr'>occidendi:</span> <span class='ocrx_word' id='word_1_421' title='bbox 789 4613 878 4688; x_wconf 90' lang='lat' dir='ltr'>quae</span> <span class='ocrx_word' id='word_1_422' title='bbox 912 4593 992 4665; x_wconf 87' lang='lat' dir='ltr'>Lex</span> 
     </span>
    </p>
   </div>
   <div class='ocr_carea' id='block_1_24' title="bbox 229 4685 1035 4781">
    <p class='ocr_par' dir='ltr' id='par_1_24' title="bbox 229 4685 1035 4781">
     <span class='ocr_line' id='line_1_76' title="bbox 229 4685 1035 4781; baseline 0.01 -24"><span class='ocrx_word' id='word_1_423' title='bbox 229 4685 342 4758; x_wconf 88' lang='lat' dir='ltr'>adbuc</span> <span class='ocrx_word' id='word_1_424' title='bbox 384 4689 592 4766; x_wconf 80' lang='lat' dir='ltr'>observatur</span> <span class='ocrx_word' id='word_1_425' title='bbox 635 4690 829 4781; x_wconf 87' lang='lat' dir='ltr'>Mutinae,</span> <span class='ocrx_word' id='word_1_426' title='bbox 875 4715 916 4763; x_wconf 89' lang='lat' dir='ltr'>ac</span> <span class='ocrx_word' id='word_1_427' title='bbox 951 4690 991 4764; x_wconf 93' lang='lat' dir='ltr'>in</span> <span class='ocrx_word' id='word_1_428' title='bbox 1032 4740 1035 4751; x_wconf 92' lang='lat'>·</span> 
     </span>
    </p>
   </div>
   <div class='ocr_carea' id='block_1_25' title="bbox 227 4784 992 5095">
    <p class='ocr_par' dir='ltr' id='par_1_25' title="bbox 227 4784 992 5095">
     <span class='ocr_line' id='line_1_77' title="bbox 228 4784 992 4889; baseline 0.004 -27"><span class='ocrx_word' id='word_1_429' title='bbox 228 4785 310 4862; x_wconf 90' lang='lat' dir='ltr'>aliis</span> <span class='ocrx_word' id='word_1_430' title='bbox 336 4784 447 4874; x_wconf 84' lang='lat' dir='ltr'>locis.</span> <span class='ocrx_word' id='word_1_431' title='bbox 483 4792 532 4864; x_wconf 88' lang='lat' dir='ltr'>Et</span> <span class='ocrx_word' id='word_1_432' title='bbox 567 4791 692 4861; x_wconf 85' lang='lat' dir='ltr'>Seculo</span> <span class='ocrx_word' id='word_1_433' title='bbox 723 4790 872 4889; x_wconf 88' lang='lat' dir='ltr'>quidem</span> <span class='ocrx_word' id='word_1_434' title='bbox 911 4793 992 4865; x_wconf 82' lang='lat' dir='ltr'>rul-</span> 
     </span>
     <span class='ocr_line' id='line_1_78' title="bbox 227 4887 989 4992; baseline 0.004 -28"><span class='ocrx_word' id='word_1_435' title='bbox 227 4889 319 4992; x_wconf 86' lang='lat' dir='ltr'>garis</span> <span class='ocrx_word' id='word_1_436' title='bbox 355 4891 470 4963; x_wconf 78' lang='lat' dir='ltr'>Aecae</span> <span class='ocrx_word' id='word_1_437' title='bbox 514 4887 690 4971; x_wconf 87' lang='lat' dir='ltr'>Decimo,</span> <span class='ocrx_word' id='word_1_438' title='bbox 734 4916 806 4987; x_wconf 92' lang='lat' dir='ltr'>quo</span> <span class='ocrx_word' id='word_1_439' title='bbox 850 4894 989 4967; x_wconf 88' lang='lat' dir='ltr'>nullum</span> 
     </span>
     <span class='ocr_line' id='line_1_79' title="bbox 227 4988 989 5095; baseline 0.007 -30"><span class='ocrx_word' id='word_1_440' title='bbox 227 4991 426 5095; x_wconf 86' lang='lat' dir='ltr'>corruptius</span> <span class='ocrx_word' id='word_1_441' title='bbox 475 4988 586 5073; x_wconf 72' lang='lat' dir='ltr'>ltalia</span> <span class='ocrx_word' id='word_1_442' title='bbox 620 4989 819 5070; x_wconf 82' lang='lat' dir='ltr'>Christiana</span> <span class='ocrx_word' id='word_1_443' title='bbox 856 4993 989 5086; x_wconf 63' lang='lat' dir='ltr'>cidit,</span> 
     </span>
    </p>
   </div>
   <div class='ocr_carea' id='block_1_26' title="bbox 1108 4181 1927 4990">
    <p class='ocr_par' dir='ltr' id='par_1_26' title="bbox 1108 4181 1927 4990">
     <span class='ocr_line' id='line_1_80' title="bbox 1108 4181 1874 4287; baseline 0.004 -31"><span class='ocrx_word' id='word_1_444' title='bbox 1108 4181 1235 4257; x_wconf 83' lang='lat' dir='ltr'>nelicia</span> <span class='ocrx_word' id='word_1_445' title='bbox 1261 4183 1543 4282; x_wconf 79' lang='lat' dir='ltr'>promovendos,</span> <span class='ocrx_word' id='word_1_446' title='bbox 1578 4185 1780 4287; x_wconf 80' lang='lat' dir='ltr'>hujusmodi</span> <span class='ocrx_word' id='word_1_447' title='bbox 1809 4182 1874 4259; x_wconf 84' lang='lat' dir='ltr'>lla-</span> 
     </span>
     <span class='ocr_line' id='line_1_81' title="bbox 1108 4284 1872 4386; baseline 0.001 -29"><span class='ocrx_word' id='word_1_448' title='bbox 1108 4284 1202 4383; x_wconf 88' lang='lat' dir='ltr'>gitio</span> <span class='ocrx_word' id='word_1_449' title='bbox 1246 4284 1484 4383; x_wconf 88' lang='lat' dir='ltr'>inquinatos,</span> <span class='ocrx_word' id='word_1_450' title='bbox 1532 4306 1593 4361; x_wconf 91' lang='lat' dir='ltr'>aut</span> <span class='ocrx_word' id='word_1_451' title='bbox 1638 4286 1872 4386; x_wconf 87' lang='lat' dir='ltr'>suspicionem</span> 
     </span>
     <span class='ocr_line' id='line_1_82' title="bbox 1110 4384 1877 4487; baseline 0.004 -29"><span class='ocrx_word' id='word_1_452' title='bbox 1110 4384 1209 4458; x_wconf 91' lang='lat' dir='ltr'>illius</span> <span class='ocrx_word' id='word_1_453' title='bbox 1234 4384 1455 4487; x_wconf 82' lang='lat' dir='ltr'>ingerentes,</span> <span class='ocrx_word' id='word_1_454' title='bbox 1482 4387 1524 4486; x_wconf 87' lang='lat' dir='ltr'>ad</span> <span class='ocrx_word' id='word_1_455' title='bbox 1553 4392 1808 4464; x_wconf 88' lang='lat' dir='ltr'>sacramentum</span> <span class='ocrx_word' id='word_1_456' title='bbox 1831 4386 1877 4461; x_wconf 92' lang='lat' dir='ltr'>de</span> 
     </span>
     <span class='ocr_line' id='line_1_83' title="bbox 1109 4485 1876 4592; baseline 0.005 -32"><span class='ocrx_word' id='word_1_457' title='bbox 1109 4486 1265 4560; x_wconf 85' lang='lat' dir='ltr'>castitate</span> <span class='ocrx_word' id='word_1_458' title='bbox 1292 4489 1485 4573; x_wconf 85' lang='lat' dir='ltr'>servanda,</span> <span class='ocrx_word' id='word_1_459' title='bbox 1512 4485 1550 4562; x_wconf 79' lang='lat' dir='ltr'>dc</span> <span class='ocrx_word' id='word_1_460' title='bbox 1579 4489 1684 4565; x_wconf 87' lang='lat' dir='ltr'>fidem</span> <span class='ocrx_word' id='word_1_461' title='bbox 1712 4489 1876 4592; x_wconf 84' lang='lat' dir='ltr'>frangen-</span> 
     </span>
     <span class='ocr_line' id='line_1_84' title="bbox 1110 4587 1877 4693; baseline 0.008 -33"><span class='ocrx_word' id='word_1_462' title='bbox 1110 4587 1140 4660; x_wconf 88' lang='lat' dir='ltr'>ti</span> <span class='ocrx_word' id='word_1_463' title='bbox 1167 4613 1315 4684; x_wconf 90' lang='lat' dir='ltr'>poenam</span> <span class='ocrx_word' id='word_1_464' title='bbox 1342 4589 1542 4664; x_wconf 88' lang='lat' dir='ltr'>indicebat.</span> <span class='ocrx_word' id='word_1_465' title='bbox 1570 4595 1610 4665; x_wconf 87' lang='lat' dir='ltr'>ln</span> <span class='ocrx_word' id='word_1_466' title='bbox 1632 4592 1792 4693; x_wconf 86' lang='lat' dir='ltr'>margine</span> <span class='ocrx_word' id='word_1_467' title='bbox 1811 4618 1877 4666; x_wconf 86' lang='lat' dir='ltr'>ve·</span> 
     </span>
     <span class='ocr_line' id='line_1_85' title="bbox 1111 4687 1876 4794; baseline 0.007 -32"><span class='ocrx_word' id='word_1_468' title='bbox 1111 4687 1285 4763; x_wconf 81' lang='lat' dir='ltr'>tuliiliimi</span> <span class='ocrx_word' id='word_1_469' title='bbox 1326 4692 1596 4766; x_wconf 75' lang='lat' dir='ltr'>sacramentarii</span> <span class='ocrx_word' id='word_1_470' title='bbox 1640 4695 1742 4770; x_wconf 82' lang='lat' dir='ltr'>Msti</span> <span class='ocrx_word' id='word_1_471' title='bbox 1780 4692 1876 4794; x_wconf 87' lang='lat' dir='ltr'>apud</span> 
     </span>
     <span class='ocr_line' id='line_1_86' title="bbox 1110 4788 1927 4895; baseline 0.007 -31"><span class='ocrx_word' id='word_1_472' title='bbox 1110 4788 1312 4867; x_wconf 85' lang='lat' dir='ltr'>Canonicos</span> <span class='ocrx_word' id='word_1_473' title='bbox 1360 4789 1585 4867; x_wconf 86' lang='lat' dir='ltr'>Mutinenses</span> <span class='ocrx_word' id='word_1_474' title='bbox 1626 4796 1710 4871; x_wconf 90' lang='lat' dir='ltr'>haec</span> <span class='ocrx_word' id='word_1_475' title='bbox 1751 4795 1877 4895; x_wconf 91' lang='lat' dir='ltr'>depre·</span> <span class='ocrx_word' id='word_1_476' title='bbox 1919 4854 1927 4879; x_wconf 79' lang='lat'>,</span> 
     </span>
     <span class='ocr_line' id='line_1_87' title="bbox 1108 4889 1877 4990; baseline 0.003 -25"><span class='ocrx_word' id='word_1_477' title='bbox 1108 4889 1239 4965; x_wconf 80' lang='lat' dir='ltr'>nendi:</span> <span class='ocrx_word' id='word_1_478' title='bbox 1281 4896 1354 4987; x_wconf 76' lang='lat' dir='ltr'>ago</span> <span class='ocrx_word' id='word_1_479' title='bbox 1375 4899 1517 4966; x_wconf 70' lang='lat' dir='ltr'>Ainea</span> <span class='ocrx_word' id='word_1_480' title='bbox 1542 4902 1700 4971; x_wconf 84' lang='lat' dir='ltr'>Preibirrr</span> <span class='ocrx_word' id='word_1_481' title='bbox 1721 4899 1877 4990; x_wconf 81' lang='lat' dir='ltr'>promitto</span> 
     </span>
    </p>
   </div>
   <div class='ocr_carea' id='block_1_27' title="bbox 1070 4988 1880 5089">
    <p class='ocr_par' dir='ltr' id='par_1_27' title="bbox 1070 4988 1880 5089">
     <span class='ocr_line' id='line_1_88' title="bbox 1070 4988 1880 5089; baseline 0.005 -22"><span class='ocrx_word' id='word_1_482' title='bbox 1070 5037 1072 5041; x_wconf 93' lang='lat'>·</span> <span class='ocrx_word' id='word_1_483' title='bbox 1108 5021 1208 5067; x_wconf 80' lang='lat' dir='ltr'>rotam</span> <span class='ocrx_word' id='word_1_484' title='bbox 1234 4997 1303 5066; x_wconf 83' lang='lat' dir='ltr'>Deo</span> <span class='ocrx_word' id='word_1_485' title='bbox 1326 4990 1374 5074; x_wconf 55' lang='grc' dir='ltr'>(φ</span> <span class='ocrx_word' id='word_1_486' title='bbox 1397 4996 1544 5071; x_wconf 81' lang='lat' dir='ltr'>oririibiis</span> <span class='ocrx_word' id='word_1_487' title='bbox 1567 5001 1720 5089; x_wconf 67' lang='lat' dir='ltr'>sanclis,</span> <span class='ocrx_word' id='word_1_488' title='bbox 1757 5003 1804 5067; x_wconf 62' lang='grc' dir='ltr'><em>θ</em></span> <span class='ocrx_word' id='word_1_489' title='bbox 1831 4988 1880 5071; x_wconf 82' lang='lat' dir='ltr'>ii-</span> 
     </span>
    </p>
   </div>
   <div class='ocr_carea' id='block_1_28' title="bbox 1784 5098 1823 5167">
    <p class='ocr_par' dir='ltr' id='par_1_28' title="bbox 1784 5098 1823 5167">
     <span class='ocr_line' id='line_1_89' title="bbox 1784 5098 1823 5167; baseline 0 0"><span class='ocrx_word' id='word_1_490' title='bbox 1784 5098 1823 5167; x_wconf 83' lang='lat' dir='ltr'>bi</span> 
     </span>
    </p>
   </div>
   <div class='ocr_carea' id='block_1_29' title="bbox 0 0 2116 6004">
    <p class='ocr_par' dir='ltr' id='par_1_29' title="bbox 0 0 2116 6004">
     <span class='ocr_line' id='line_1_90' title="bbox 0 0 2116 6004; baseline 0 0"><span class='ocrx_word' id='word_1_491' title='bbox 0 0 2116 6004; x_wconf 95' lang='lat' dir='ltr'> </span> 
     </span>
    </p>
   </div>
  </div>
 </body>
</html>
