4216 6014
152 443 159 458 ,
202 334 288 443 cus

191 451 277 539 Quo
312 457 433 520 autem
469 439 510 516 in
545 438 626 516 loco
652 440 783 514 Civitas
809 446 905 512 Versu

141 544 320 646 Regiensis
346 544 467 632 foret,
494 541 672 617 indicabit
696 540 904 640 subsequens

141 645 276 721 Charta
305 674 350 720 ex
378 644 542 722 Archino
568 640 903 719 Sonhiimoniolium

140 747 263 823 Sancti
289 748 454 822 Thomce
488 745 588 822 illius
624 742 738 820 Urbis
766 743 904 820 delum-

507 317 875 414 orsottturro
918 312 1410 407 uuctstuurntuuc
1589 247 1715 429 x34c

1010 454 1067 510 ts.
1102 432 1249 509 Scilicet
1282 430 1437 508 Ecclelic
1472 423 1625 531 ejusdem
1653 423 1776 505 Sacili

1010 534 1173 612 Thomce
1198 532 1312 608 adhuc
1338 536 1485 633 uigens,
1512 532 1575 605 fito
1601 529 1700 606 fuisse
1719 530 1776 606 di·

1011 637 1105 713 citur
1130 636 1165 707 in
1192 635 1296 732 Regio
1320 635 1468 708 Ciuitate
1493 657 1622 710 vetere.

200 1007 353 1118 Charta
383 999 593 1091 Heribsldi
623 999 823 1115 Regiensis
856 993 1043 1116 Episcopi
1065 990 1313 1112 concedentis
1340 988 1557 1117 Ecclesiam
1587 989 1721 1080 Sancti

387 1126 575 1209 Thomnc
606 1119 818 1206 Canonicis
848 1117 982 1205 Sentii
1012 1112 1251 1226 Michshlic,
1280 1119 1405 1227 Anno
1432 1145 1535 1226 943.

142 1372 219 1533 ᾖ
272 1363 564 1555 HEribcldus
601 1366 734 1462 superni
774 1363 911 1439 muueris
947 1366 977 1437 B
1015 1363 1138 1461 vilegio
1154 1366 1344 1438 concedimus
1361 1365 1551 1444 Ecclesmm
1568 1371 1662 1448 beati
1677 1373 1780 1448 Tho·

405 1494 518 1567 gratra
557 1473 688 1559 sanctae
731 1467 907 1568 Regienfis

140 1568 353 1647 Ecclefiae..
368 1625 397 1645 ..
432 1569 585 1644 Omnibus
612 1569 799 1666 Episcopis,
826 1567 905 1642 Ab·

140 1676 294 1764 lctibus,
322 1674 518 1761 Monachis,
544 1674 701 1762 clericis,
727 1668 906 1766 cuul‘lisque

135 1775 271 1866 sanciae
298 1774 361 1844 Dei
387 1774 543 1857 Ecclesiae
569 1774 680 1866 Regni
706 1773 796 1859 istius
815 1770 904 1862 fide-

141 1875 226 1945 lihus
253 1874 288 1942 iu
316 1874 452 1944 Domino
476 1874 560 1964 Jesu
593 1872 717 1959 Christo
743 1871 905 1943 unanimi·

140 1995 190 2046 ter
214 1971 415 2065 conjunclis,
448 1973 560 2069 gratia
595 1973 658 2044 Dei
684 1971 731 2050 ἰν
763 1996 828 2066 pare
852 2000 905 2043 ae·

139 2095 232 2149 terna
258 2073 506 2163 multiplicetur.
532 2073 690 2169 Quisquis
715 2073 783 2165 zelo
808 2073 905 2144 Chri-

133 2176 182 2264 sli
206 2202 243 2247 ac
264 2175 384 2266 pietate
414 2175 545 2264 servem
571 2183 616 2245 ud
643 2177 698 2244 hoc
722 2177 823 2245 cordis
850 2175 903 2266 se-

1018 1491 1096 1541 mae
1131 1466 1324 1566 Apostoli,
1359 1495 1450 1567 quse
1484 1469 1548 1546 fito
1583 1473 1629 1546 est
1665 1475 1779 1575 Regio

1017 1565 1181 1640 Ciuitate
1207 1587 1347 1658 vetere,
1373 1597 1442 1641 curn
1464 1571 1528 1661 sua
1551 1577 1641 1646 domo
1666 1578 1781 1650 cultile

1018 1670 1106 1738 intus
1133 1664 1285 1759 &soris
1319 1667 1358 1742 in
1385 1669 1538 1744 circuito
1568 1675 1709 1774 Regio,
1744 1679 1780 1749 in

1016 1767 1178 1840 Canonica
1216 1769 1304 1841 hecti
1341 1770 1518 1843 Michaelis
1557 1775 1780 1874 Archangeli,

1017 1892 1054 1941 ut
1080 1872 1218 1942 babeant
1242 1870 1429 1958 Kanonici,
1464 1873 1521 1970 qui
1543 1873 1616 1948 illic
1641 1878 1782 1974 omnipo-

1018 1971 1100 2042 tenti
1134 1976 1203 2043 Deo
1231 1973 1276 2042 (Ψ
1301 1973 1371 2064 esus
1396 1974 1554 2045 Genitrici
1562 2023 1574 2057 ‚
1608 1977 1782 2074 sonnoque

1018 2073 1224 2168 fflcbangelo
1248 2074 1409 2145 Michue'li
1437 2076 1632 2149 cotidianum
1656 2081 1782 2154 ceticae
1872 2158 1873 2162 ,
2001 2093 2004 2098 ’

1018 2174 1232 2243 venerationis
1251 2174 1397 2245 exhibent
1409 2174 1626 2268 samulatum,
1653 2180 1701 2260 (J
1722 2182 1782 2278 qui

138 2299 254 2348 cretum
277 2295 470 2372 praeparat,
506 2296 543 2345 ut
569 2280 637 2346 Deo
661 2301 700 2344 err
733 2272 826 2345 rebus
851 2290 902 2345 ca-'
946 2270 978 2340 C
1016 2294 1073 2368 pro
1099 2293 1231 2369 tempore
1256 2275 1318 2345 loco
1342 2300 1444 2345 eorum
1472 2277 1696 2373 successerint,
1732 2304 1781 2353 te-

139 2378 229 2450 ducis
256 2379 300 2448 (7
334 2373 559 2473 temporalibus
593 2401 708 2446 munus
743 2375 904 2472 quodlibet

140 2499 242 2550 mente
261 2477 384 2563 sincera
401 2479 484 2568 Jesu
509 2476 630 2563 Christi
655 2478 790 2549 Domini
815 2477 904 2547 mili-

77 2591 79 2594 ’
139 2578 252 2661 tibus,
281 2577 406 2674 filique
431 2605 468 2649 ac
492 2577 649 2648 Genitrici
676 2578 756 2670 suae
781 2578 902 2664 inslan·

140 2700 190 2751 tet
209 2677 426 2771 servientibus
452 2680 610 2768 conserat,
640 2679 720 2750 haut
744 2681 840 2751 dubio
859 2680 901 2763 in

138 2780 261 2867 caelesli
302 2789 414 2876 Regno
448 2782 597 2871 sortietur
636 2777 683 2858 (ν’
722 2784 902 2872 centuplum

97 2880 100 2884 ⁵
135 2882 294 2973 recipiet,
328 2902 423 2977 atque
458 2883 492 2952 in
529 2883 590 2953 illa
626 2885 749 2978 regione
783 2885 902 2968 beatu,

137 2984 195 3054 uhi
220 2981 339 3052 San‘ii
366 3009 433 3053 cum
468 2983 606 3055 Domino
640 2985 805 3054 laetantur
832 2980 903 3066 sine

131 3082 203 3177 sine
225 3083 397 3175 gaudebit.
426 3088 475 3154 Et
501 3108 576 3170 uos,
603 3084 753 3177 quamvis
773 3081 904 3179 indigni

1018 2395 1141 2456 meant,
1173 2374 1374 2467 possideant,
1399 2377 1456 2446 ’θ’
1474 2377 1601 2468 saciant
1625 2382 1785 2479 quidquid

1017 2502 1119 2546 eorum
1153 2475 1318 2566 expetierit
1348 2475 1478 2548 animus
1511 2481 1568 2551 vel
1599 2484 1780 2576 voluntas,

1016 2576 1133 2672 absque
1157 2576 1228 2646 ulla
1247 2574 1446 2670 successorum
1472 2579 1639 2667 noslrorum
1657 2607 1781 2658 costra-

1015 2677 1157 2748 dillione
1180 2677 1237 2747 vel
1262 2678 1507 2768 molestatum
1540 2710 1577 2753 ac
1597 2705 1655 2780 pro
1679 2688 1782 2770 salute

1015 2779 1195 2850 animarum
1230 2783 1423 2850 Domncrum
1449 2779 1618 2868 noslrornm
1653 2794 1781 2884 Regum

1017 2877 1064 2956 ἐν
1092 2878 1218 2967 nostra,
1249 2877 1702 2977 successorumquemosirorum
1729 2895 1781 2962 Es

1014 2978 1206 3074 piscoporum
1241 2981 1402 3070 omnium,
1436 2981 1581 3054 debitum
1608 2986 1782 3076 servitutis

1016 3077 1154 3170 offitium
1189 3078 1225 3148 iu
1258 3079 1406 3174 praesen
1440 3083 1581 3169 Ecclesia
1615 3088 1702 3158 votis
1737 3092 1783 3161 θ’

138 3185 194 3282 qui
221 3185 424 3268 Praesulatur
451 3185 593 3254 bonorem
622 3185 820 3280 sungimur,
855 3181 903 3260 r&
946 3194 979 3262 D
1016 3179 1158 3270 precibus
1202 3177 1359 3272 indeseffis
1396 3189 1630 3279 augmentando
1673 3191 1782 3263 adim-

139 3286 319 3356 nnimarum
350 3309 455 3352 curam
478 3309 586 3376 gerere
610 3286 782 3373 dehemus,
816 3290 903 3354 Sau-

138 3384 262 3457 hlorum
287 3388 422 3452 Patrum
444 3380 544 3452 dillis
578 3381 742 3470 conformes
776 3381 903 3474 essedi,

137 3483 184 3554 ad
209 3483 263 3553 hoc
297 3481 396 3566 uosler
428 3482 556 3554 animus
585 3483 731 3580 pervigil
765 3481 821 3577 esse
845 3487 902 3555 de-

134 3585 209 3662 let,
246 3604 283 3651 ut
309 3583 465 3666 Ecclestue
501 3583 566 3655 Dei
598 3583 801 3680 diligentiam
829 3584 902 3669 fine

134 3679 300 3775 cessatione
326 3685 517 3773 habeamus,
545 3681 593 3762 &²
610 3685 727 3782 sirpem
754 3690 820 3758 Deo
845 3686 898 3775 sa·

134 3784 336 3858 mulcentibus
365 3786 657 3876 subministremus,
693 3809 730 3858 ut
754 3817 775 3857 a
801 3792 899 3857 Cren-

130 3907 199 3979 tore
225 3884 323 3970 noslro
348 3888 458 3958 audire
483 3913 655 3960 mereamur
668 3912 685 3957 .·
718 3894 818 3959 Serve
843 3885 900 3958 bo-

136 4015 176 4059 ne
200 3984 353 4057 hellenus
379 3988 552 4087 lahorasli3
587 3981 691 4070 veui,
717 3988 766 4067 (γ’
791 4015 845 4083 ego
870 4011 900 4060 te

1015 3282 1164 3374 plentur,
1190 3297 1228 3349 ut
1247 3279 1382 3370 santiae
1406 3285 1652 3376 conversationis
1680 3318 1783 3362 ercem-

1016 3388 1072 3476 plo
1096 3379 1292 3472 clarescentes
1323 3402 1382 3477 per
1415 3385 1519 3457 multa
1552 3388 1675 3459 dierum
1698 3414 1781 3467 cem·

1014 3501 1095 3571 pora
1107 3528 1120 3561 ,
1156 3478 1247 3551 bonis
1272 3481 1413 3576 operibus
1449 3485 1617 3573 infislendo
1642 3491 1678 3562 in
1699 3493 1781 3585 san·
1900 3549 1903 3556 1

1017 3579 1071 3652 tta
1097 3580 1268 3677 Religione
1289 3603 1518 3677 permaneant,
1543 3609 1638 3684 etque
1663 3621 1686 3665 a
1709 3599 1794 3667 Da·-

1016 3681 1103 3751 mino
1137 3681 1227 3773 lhesn
1254 3684 1378 3770 Chrislo
1412 3685 1681 3782 inmarcessibilem
1705 3697 1779 3793 glo-

1016 3781 1084 3854 riae
1108 3808 1250 3856 coronam
1268 3785 1416 3880 cupiant.
1442 3794 1540 3882 Quod
1558 3789 1592 3875 fi
1616 3796 1688 3889 quis
1707 3797 1779 3888 suc-

1014 3879 1157 3978 cesorum
1183 3884 1350 3970 noslrorum
1385 3889 1439 3959 hoc
1464 3888 1583 3977 noslrae
1607 3893 1780 3972 oblationis

1016 4011 1130 4056 munus
1154 3986 1276 4058 callida
1303 3988 1426 4083 ingenii
1449 3991 1627 4078 curiositate
1650 3999 1717 4069 ullo
1743 4001 1778 4074 int

134 4086 299 4179 tefitiam.
335 4093 467 4183 Ideoque
489 4114 556 4158 ⁴nos
590 4094 671 4161 hanc
704 4088 900 4177 roscilioncm
938 4101 968 4169 E
1016 4107 1150 4180 tempore
1178 4086 1338 4176 statribus
1364 4092 1526 4164 Kononice
1561 4096 1679 4167 Sacili
1702 4102 1778 4171 Mi.
1861 4165 1862 4170 χ

134 4190 262 4263 ardenti
286 4216 323 4262 ac
342 4187 471 4273 fitieuti
495 4189 627 4281 animo,
663 4211 717 4285 ope
741 4188 821 4278 steti
845 4191 899 4260 di-

135 4291 218 4361 vina
242 4290 379 4387 adipisci
412 4292 596 4386 cupientes,
631 4311 668 4362 ut
699 4290 901 4382 perhenniter

137 4415 205 4463 eam
226 4392 296 4481 seui
321 4418 512 4480 mereamur,
545 4413 603 4488 pro
632 4392 739 4486 salute
772 4394 898 4464 anima-

138 4513 206 4561 rum
222 4495 444 4567 Domnotum
456 4494 651 4567 nostrorum
669 4498 802 4594 Regum
819 4496 898 4567 Hu-

138 4591 240 4693 gonis
276 4591 314 4669 δι
334 4593 538 4692 1Ηὶοῑὶιπίἰ
578 4593 670 4697 figlii
710 4595 815 4694 ejus,
851 4593 898 4674 &¹

134 4715 194 4792 pro
213 4692 302 4781 slaru
326 4697 437 4794 Regni
461 4724 592 4788 eorum,
620 4720 716 4793 atque
739 4718 799 4793 pro
823 4698 898 4769 ani-

135 4820 209 4867 rnee
234 4794 352 4882 nosltae
374 4800 583 4892 purgatione,
608 4799 656 4881 ψ’
674 4797 814 4871 omninno
825 4798 899 4891 suc·

131 4893 280 4991 sessorum
307 4896 476 4982 uoslrorum
500 4904 634 4972 mercede
655 4901 809 4995 perhenni
831 4927 902 4971 con-

134 4994 238 5094 cessa,
269 5020 331 5099 per
366 4999 422 5074 hec
447 4998 565 5086 noslrae
599 5000 803 5076 anllrritatis
828 5001 904 5072 Pri·

1015 4186 1134 4257 chadlis
1166 4188 1367 4286 Archangeli
1393 4191 1577 4284 subtrahere
1610 4199 1775 4291 voluerit,

1015 4312 1118 4359 omnes
1136 4290 1394 4374 maledihlioues,
1420 4319 1499 4388 quas
1523 4297 1683 4386 proposuit
1700 4303 1776 4370 hea-

1015 4409 1068 4460 tus
1093 4390 1221 4485 Moyses
1238 4391 1328 4484 filiis
1354 4391 1479 4482 Isratl,
1507 4393 1542 4478 si
1575 4400 1701 4490 quando
1725 4423 1774 4471 re·

1014 4487 1181 4584 cesfissent,
1206 4492 1385 4566 adveniant
1405 4493 1610 4589 supereum,
1638 4499 1681 4568 0
1696 4522 1776 4591 pan.

1015 4610 1078 4662 tem
1105 4593 1246 4667 habeant
1279 4619 1346 4663 cum
1383 4595 1517 4667 Dathau
1543 4592 1592 4675 (γ’
1616 4604 1774 4698 Ahyrhan

1014 4689 1062 4773 (θ’
1088 4721 1155 4768 cum
1181 4695 1278 4786 Iuda
1302 4695 1455 4768 traditore
1489 4699 1625 4773 Domini
1659 4704 1694 4777 in
1722 4708 1774 4781 in·

1007 4795 1099 4886 seruo
1123 4796 1317 4880 crucientur,
1343 4794 1392 4878 (φ
1418 4825 1479 4871 non
1499 4801 1547 4884 fit
1573 4803 1607 4875 in
1634 4813 1774 4881 recorda-

1012 4899 1096 4969 tione
1120 4899 1267 4972 memoria
1291 4896 1364 4993 esus
1384 4923 1459 4974 aute
1485 4906 1682 4995 Dominum,
1717 4933 1773 4977 nc-

1010 5023 1070 5094 que
1096 5024 1206 5073 nomeu
1240 4999 1311 5094 ejus
1346 5002 1380 5073 in
1415 5006 1497 5076 lihrr
1529 5007 1620 5081 vitae
1652 5005 1773 5092 adstri-

1630 5122 1723 5197 plum
