4216 6014
299 347 386 468 ἠς
559 346 1016 470 ‚sur-soum.
1067 338 1570 465 nauseasse
1742 346 1924 477 eae-..⁴

238 464 390 556 Judaeos
416 462 558 569 quoque
585 467 758 565 eiusmodi
793 467 937 582 seminis
963 468 1007 543 ad
1046 465 1081 541 Α
1123 466 1283 563 Plangere
1307 463 1382 537 alrd
1408 489 1484 537 usos
1513 461 1798 587 prepter-''riiqrrd
1821 487 1898 539 eer-
1919 564 1949 590 .‚

238 564 492 662 fenerantes,
528 571 686 646 indicare
710 568 853 645 videtur
878 575 1009 646 Hlere-
1120 587 1183 659 put
1222 588 1406 658 mmm,
1443 565 1608 664 P'sism
1649 567 1750 666 ‘sim
1784 579 1895 665 ‘'li‘'
1919 587 1952 655 ἶ

237 668 334 743 mins
360 667 452 772 Cap.
478 697 515 770 9.
541 671 604 749 ubi
630 673 861 746 lamentatrices
886 675 1007 773 appel-

238 770 385 846 lantur.
423 773 523 849 Mihi
557 775 659 848 nullo
684 773 832 876 negotio
868 774 1008 875 persua·

238 868 386 967 deatur,
421 874 589 951 Italicum
618 877 795 976 Populum
830 902 892 975 per
928 880 1007 975 plu·

236 972 331 1050 sima
346 979 488 1052 Saecula
511 977 675 1052 eumdem
694 975 913 1053 continuasse
930 1003 1007 1052 mo·
1120 964 1235 1066 prffirt
1260 1001 1315 1045 res
1337 980 1379 1048 de

237 1100 335 1150 sem.
372 1079 524 1153 Falcone
560 1083 812 1155 Beneventano
847 1079 930 1154 teste
966 1080 1006 1154 in

223 1175 447 1261 ‘sibronicm
472 1180 690 1256 Guilielmus
715 1181 871 1283 Apuliae
898 1187 1005 1273 Dux,

1122 668 1299 742 eerraiirrnr
1320 668 1389 759 sris
1412 670 1453 739 de
1477 675 1590 759 dms,
1618 668 1677 750 ὠ-
1690 671 1915 767 portabitur.
1951 727 1954 734 .

1116 768 1176 861 serr
1198 789 1360 863 porratam
1388 770 1493 862 saeris
1519 776 1567 845 ad
1591 770 1785 856 Ecclesiam,
1818 792 1899 863 pre·

1123 899 1168 944 ra
1193 873 1268 954 &n
1294 877 1344 945 Es
1398 873 1461 943 rrd
1484 873 1617 970 ssiqrrae
1641 875 1803 944 Mulieres
1829 899 1898 944 rere

1376 897 1475 1047 isare
1493 974 1587 1072 sequi
1610 975 1744 1072 aliquod
1761 995 1896 1071 corpses,

1121 1100 1175 1146 rec
1199 1075 1246 1145 ire
1268 1081 1316 1149 ad
1349 1073 1548 1166 Ecclesiam,
1583 1079 1712 1173 quando
1744 1074 1898 1174 pertabi-

1122 1195 1175 1247 rrsr
1186 1224 1199 1258 ,
1222 1175 1280 1268 serr
1303 1198 1466 1270 porratam
1486 1177 1590 1269 fueris
1614 1180 1661 1249 aa
1686 1176 1894 1269 scelestam,

237 1278 389 1354 Roberti
425 1280 612 1357 Guiscatdi
646 1310 776 1384 nepos,
812 1281 920 1358 finem
947 1284 1006 1357 vi·
1119 1278 1222 1373 prens
1246 1276 1321 1358 &e
1348 1281 1516 1353 formula
1542 1295 1660 1354 autem
1688 1278 1753 1352 illa
1779 1280 1896 1351 levare

235 1377 347 1456 vendi
382 1379 488 1457 fecit.
523 1384 683 1456 Carrinas
708 1385 778 1480 ejas
802 1411 881 1456 rarr
905 1385 1006 1457 crines
1048 1384 1079 1454 B
1122 1399 1299 1476 curamur·
1338 1379 1419 1455 heic
1458 1378 1551 1454 mihi
1586 1378 1707 1481 potius
1732 1377 1895 1454 creditur
1983 1445 1985 1448 ,

229 1479 338 1654 iiis.
363 1487 805 1683 ssjst's'z'ais‘sssi‘,
825 1505 983 1659 'iiiiii
992 1541 1005 1679 ζ

235 1683 282 1754 0·
306 1685 457 1780 lacrymis
481 1687 689 1759 meantibus
701 1737 714 1771 ,
748 1685 935 1785 nucibusque
958 1692 1004 1762 ad

233 1782 321 1867 elisa
345 1785 488 1880 levaris,
517 1788 616 1881 saper
640 1791 742 1863 Ducis
767 1790 915 1882 desunsli
945 1812 1001 1888 pe-

233 1881 305 1956 ssus
333 1887 492 1983 projecit.
518 1892 662 1982 Populus
685 1916 805 1988 quoque
833 1889 1000 1975 crinibus,

231 1985 384 2084 genisque
408 1988 549 2079 ermilis,
576 1998 707 2064 Patrem
732 2018 836 2064 eorum
861 1994 906 2064 θ’
933 2000 1000 2066 Do-

230 2086 356 2160 minam
394 2089 592 2164 mirabiliter
630 2093 854 2169 instruebant.
898 2093 1001 2170 Paria

232 2189 414 2266 Homerus
448 2217 591 2293 quoque
617 2195 728 2272 tradit
763 2194 855 2270 lassa
881 2195 920 2271 in
946 2194 1001 2270 su·

1121 1477 1317 1580 significare
1344 1480 1592 1556 lamentabiles
1618 1507 1722 1557 voces
1748 1507 1789 1556 ac
1812 1481 1895 1580 eju-

1120 1582 1237 1675 latus,
1267 1609 1358 1682 quae
1384 1581 1547 1658 funerum
1574 1583 1755 1658 occasione
1781 1583 1894 1657 emit·

1117 1683 1305 1758 rebantur.
1340 1687 1397 1759 lta
1423 1682 1649 1766 Mediolani,
1684 1685 1795 1759 Anno
1820 1686 1888 1758 M·

1119 1787 1305 1860 ccxcu.
1323 1787 1407 1861 telie
1424 1787 1634 1860 Gualraneo
1648 1784 1691 1858 de
1710 1789 1746 1858 la
1765 1785 1894 1858 Flam·

1122 1911 1180 1958 ma
1208 1885 1248 1960 in
1273 1883 1473 1984 Manipulo
1510 1887 1656 1958 Florum
1683 1880 1776 1984 Cap.
1805 1907 1894 1982 331.

1120 1990 1244 2062 Tomo
1271 1990 1335 2061 11.
1372 1992 1453 2061 Rer.
1480 1985 1636 2060 italicar.
1666 1985 1736 2077 suis
1760 1987 1895 2058 ordina·

1120 2111 1210 2172 rurs,
1238 2094 1324 2187 qued
1348 2089 1509 2162 Mulieres
1536 2089 1657 2181 furna
1688 2112 1749 2160 srrs
1765 2087 1893 2183 seqre·

1120 2213 1252 2264 rennes.
1278 2192 1478 2280 Attamen,
1506 2208 1547 2265 ut
1574 2188 1709 2274 audio,
1734 2187 1774 2262 iu
1799 2190 1893 2264 Car·

233 2290 379 2367 neribus
406 2294 663 2394 antiquorum.
699 2298 901 2371 cantatrices
926 2299 1002 2398 eju·
1040 2286 1076 2364 C
1119 2289 1179 2365 nia
1205 2290 1350 2406 regione
1387 2289 1583 2384 Fosi-Julii
1620 2288 1736 2365 adhuc
1761 2288 1802 2364 in
1829 2288 1893 2366 usu
1932 2342 1938 2356 ·

232 2387 350 2467 smodi
390 2392 536 2471 leminis
576 2424 707 2473 nomen
747 2418 853 2474 emt.
892 2398 1002 2494 Quod

233 2517 345 2591 quum
373 2494 613 2591 superstitioni
649 2501 854 2600 proximum
880 2503 1002 2576 Ms‘o·

233 2594 332 2670 ribus
359 2596 484 2671 nostris
510 2598 710 2683 videretur,
736 2600 900 2673 &risum
928 2529 1000 2675 sie-

230 2721 298 2796 pe,
325 2714 366 2771 ut
391 2699 569 2791 arbitror,
604 2725 725 2774 earum
759 2699 999 2799 gesticulatio-

233 2824 317 2882 nes,
343 2796 493 2898 sallique'
513 2802 669 2876 ululatus
692 2803 916 2886 excitarent,
941 2801 997 2877 di·

233 2899 381 3001 gnisque
420 2903 455 2976 ds
496 2901 655 3004 indignis
700 2901 862 2977 officium
903 2901 998 2978 idem

232 3001 515 3103 persolveretur:
554 3005 636 3080 ideo
672 3005 828 3105 Legibus
855 3022 998 3079 cautum

231 3102 307 3196 est,
338 3131 381 3179 ne
407 3106 454 3180 iis
488 3108 589 3182 locus
616 3109 769 3203 amplius
806 3105 843 3179 in
880 3105 1016 3212 homi-0

231 3229 320 3280 num
347 3205 468 3282 funere
494 3213 611 3308 pala-m
638 3211 744 3284 esset.
776 3213 997 3283 statutorum

231 3308 491 3383 Mutinenfium
530 3311 723 3394 colleslio,
755 3316 864 3386 Anno
891 3310 999 3387 Chri-

230 3407 272 3482 sti
306 3412 609 3484 MCCCXXVII.
645 3411 805 3508 scripta,
841 3413 925 3487 Lib.
959 3439 997 3510 4.

231 3507 380 3583 Rubric.
403 3532 487 3605 172.
513 3506 598 3582 haee
625 3507 901 3583 statuite-Natta
923 3534 997 3608 per-

223 3608 307 3703 sora
331 3611 449 3698 ardeat
474 3626 564 3678 easra
587 3611 739 3695 mum,
770 3610 812 3678 'irs
837 3635 901 3703 qrra
920 3611 995 3702 sue-

228 3710 277 3784 rir
296 3706 417 3807 aliquis
436 3727 598 3791 memus,
619 3707 746 3806 pierare
761 3705 914 3801 sortirer,
940 3714 996 3786 ves

226 3811 352 3910 plere,
388 3837 443 3884 res
475 3811 605 3904 palmas
633 3808 706 3899 seve
731 3836 846 3886 marrus
870 3814 917 3886 ad
942 3813 995 3886 irr-

228 3911 331 3986 ssicerr
356 3933 534 4007 pmcrtere,
569 3916 626 3988 uei
650 3915 853 4010 distorsisse,
879 3942 934 3989 ree
959 3916 994 3988 ir

225 4015 397 4099 Ecclesia,
427 4037 567 4110 reaper
584 4019 706 4100 viare,
731 4021 833 4091 eundo
858 4020 903 4092 ad
928 4024 994 4095 Ec·

1120 2391 1166 2467 est
1192 2392 1231 2468 ri
1275 2418 1375 2468 mum
1408 2389 1512 2469 fletus
1537 2419 1578 2468 ac
1605 2389 1892 2468 lamentationi

1120 2420 1416 2579 sunusiuorum,
1444 2493 1541 2594 quod
1566 2492 1732 2568 officium
1760 2490 1891 2570 auara

1118 2597 1227 2670 etiam
1256 2595 1315 2672 die
1341 2613 1528 2696 repetunt.
1563 2596 1771 2670 Educentur
1799 2620 1890 2696 quo·

1117 2695 1308 2871 quediislae
1335 2699 1377 2772 ad
1398 2697 1500 2871 'baaf
1526 2715 1639 2772 artem
1676 2695 1791 2875 nulii
1814 2721 1888 2774 uon
1909 2719 1924 2746 ³

1116 2822 1177 2870 mo
1217 2824 1283 2881 co,
1310 2816 1351 2872 ut
1376 2816 1447 2873 rste
1491 2825 1537 2873 uo
1566 2825 1713 2874 munere
1824 2827 1888 2875 sn-

1116 2916 1198 2973 tur.
1236 2899 1301 2974 Sed
1333 2926 1394 2973 cur
1419 2899 1511 2974 olim
1538 2901 1743 2992 cantatrices
1766 2826 1888 3001 tinguel-

1117 3002 1210 3074 latae
1230 2999 1403 3103 ejusmodi
1423 2999 1605 3076 feminae?
1627 3001 1724 3098 Quia
1741 3003 1888 3100 :Rhau-

1116 3102 1221 3176 micis
1248 3101 1401 3177 versibus
1437 3103 1634 3179 memoriae
1660 3106 1888 3187 commenda·

1116 3203 1164 3278 tis
1192 3222 1415 3278 mortuorum
1442 3206 1564 3280 laudes
1594 3205 1716 3282 multis
1750 3208 1789 3281 iu
1824 3210 1884 3284 lo·

1117 3305 1168 3379 cis
1210 3305 1433 3398 cantabant,
1472 3308 1507 3381 bc
1550 3334 1622 3384 uno
1660 3325 1721 3384 aut
1759 3308 1884 3410 paucis

1118 3405 1312 3503 Rhythmis
1353 3405 1424 3482 bne
1468 3408 1674 3487 discrimine
1719 3413 1884 3489 omnium

1118 3507 1310 3584 ambitioni
1322 3507 1606 3596 satisfaciebant,
1620 3513 1772 3589 virtutes
1783 3541 1885 3589 com·

1118 3610 1373 3695 memorando,
1407 3637 1494 3712 quas
1529 3613 1668 3689 sortasse
1692 3641 1879 3716 nunquam

1115 3709 1155 3784 in
1177 3710 1209 3784 se
1229 3711 1386 3788 desunsii
1406 3737 1644 3816 agnoverant,
1660 3715 1774 3792 immo
1796 3746 1884 3793 con·

1116 3812 1236 3887 trariis
1265 3815 1442 3891 interdum
1470 3817 1571 3893 vitiis
1604 3819 1758 3892 omnino
1793 3845 1882 3892 con·

1116 3915 1315 3993 sulcarant.
1342 3915 1526 4016 Egregium
1553 3915 1657 4014 hujus
1680 3918 1792 3993 moris
1811 3919 1880 3994 do·

1116 4038 1320 4094 cumentum
1346 4019 1508 4093 debemus
1528 4011 1678 4092 Clariis.
1701 4021 1881 4097 Der-Can·

227 4114 376 4203 eseliam.
410 4112 454 4189 In
489 4115 590 4215 supra
627 4137 825 4192 memorato
851 4126 995 4198 Statuto
1039 4114 1069 4186 Ε
1115 4117 1202 4219 gio,
1238 4121 1300 4217 qui
1338 4121 1376 4196 io
1404 4118 1610 4218 Appendice
1649 4119 1692 4194 ad
1728 4123 1877 4199 Glosl'ar.

227 4215 442 4313 Ferrasieuss
465 4214 490 4309 ,'
522 4214 617 4316 quod
657 4235 842 4292 exaratum
884 4226 995 4298 Anno

225 4325 482 4402 MCCLXIX.
501 4317 649 4396 listenfis
679 4316 906 4394 Bibliotheca
931 4323 995 4397 ad-

226 4424 376 4514 servat,
417 4424 542 4500 eodem
583 4423 666 4500 Lib.
702 4423 738 4500 6.
773 4419 993 4517 decernitur,

225 4531 311 4626 quod
338 4528 459 4598 remini
483 4531 524 4600 de
549 4527 697 4601 Ciuitate
721 4523 914 4607 ¹lt‘errrriess,
936 4527 994 4617 seu

225 4628 377 4722 Bergis,
413 4630 509 4719 liceat
534 4631 643 4703 leuare
668 4650 845 4726 corruptum
871 4624 992 4726 (apud

226 4754 292 4808 nos
317 4725 416 4798 enim
443 4728 607 4823 perdurat
634 4730 754 4807 adbuc.
777 4732 850 4823 fare
875 4729 902 4801 is
927 4756 992 4801 aar·

225 4852 329 4920 retro,
356 4823 429 4901 stve
451 4827 491 4896 so'
506 4825 699 4917 secerneris,
736 4829 806 4903 sed.
829 4830 872 4904 ad
906 4829 1001 4904 'defi-³

227 4931 406 5041 gnandum
433 4926 684 5002 tantummodo
705 4929 865 5027 lugubris
888 4931 991 5010 vestis

228 5041 327 5123 usum
361 5033 402 5173 in
441 5031 543 5112 ludin
582 5055 647 5133 pso
688 5027 897 5139 funeribus)
932 5036 992 5131 sea

1115 4222 1241 4296 Latin.
1266 4249 1285 4296 e
1312 4220 1424 4298 Mssa
1458 4223 1574 4298 'Libro
1606 4223 1878 4324 Boncompagni

1114 4321 1314 4395 Florentini
1327 4371 1338 4403 ‚
1351 4324 1534 4400 Bononiae
1550 4324 1797 4399 humaniorum
1812 4324 1881 4402 Li·

1114 4428 1266 4497 terarum
1290 4426 1516 4503 professoris.
1534 4432 1643 4502 Anno
1663 4428 1879 4504 mccxnu
1931 4439 1933 4442 ’

1114 4526 1200 4622 (uti
1228 4524 1298 4626 jam
1329 4530 1453 4604 monui
1481 4533 1603 4605 Tomo
1629 4532 1706 4603 v1.
1733 4534 1813 4604 Res.
1840 4525 1879 4604 I·

1113 4628 1333 4730 talicarum)
1362 4631 1543 4707 srnllulum
1564 4701 1567 4704 .
1585 4631 1653 4707 boc
1681 4631 1883 4730 antiquita·

1114 4729 1163 4805 tis
1187 4731 1292 4805 nobis
1316 4731 1484 4808 exhibet:
1525 4741 1716 4824 Danaen,
1752 4732 1878 4832 inquit

1114 4834 1406 4935 Bonsompagnus
1416 4885 1428 4919 ,
1455 4844 1579 4909 Romae
1593 4843 1756 4937 ·qraedars
1770 4836 1879 4928 ¹fersi-
1910 4932 1911 4935 Ἴ

1112 4963 1172 5010 rrae
1193 4935 1294 5035 presio
1318 4937 1557 5011 rasurarirad
1578 4942 1796 5038 plangendam
1817 4938 1879 5031 sss·

1104 5057 1165 5130 aa
1186 5060 1312 5134 errem
1342 5035 1589 5135 masma,
1624 5047 1875 5221 emm·-
