4216 6014
271 324 353 409 539
535 293 977 415 ANTIQUIT.
1028 291 1283 382 ME'DH
1332 289 1528 380 ARV!
1700 317 1792 402 540

209 413 402 500 Vestimenta
434 420 512 489 verb
546 417 593 489 eir
625 436 719 489 eraar
752 418 829 488 rm
856 412 903 493 dr
928 414 974 483 li·
1013 420 1049 490 Δ
1087 440 1176 487 nar.
1211 415 1260 486 Et
1294 408 1375 487 lane
1411 404 1667 508 tua-cangium
1694 409 1777 480 vide
1803 394 1856 475 ad

210 537 293 603 rea,
319 517 433 613 qualia
457 520 700 614 Anglasaxeres
719 519 830 589 babere
848 517 973 609 salma,

208 637 323 690 ornata
350 618 470 705 r’rrllr'rr'r
488 619 658 694 rarioribus
675 617 767 690 vario
788 619 885 689 colere
902 643 972 687 ern·

208 720 332 795 rexrr's.
367 720 477 799 Caleni
508 724 582 792 verb
614 720 661 790 eis
684 738 777 790 erare
810 726 905 814 usque
928 725 976 790 ad

1089 539 1214 592 rocem
1239 514 1450 600 adelliodia.
1478 507 1550 584 'Sed
1585 507 1671 581 baec
1702 506 1775 604 ipsa
1808 528 1855 575 e-

1087 618 1231 715 xempla
1265 642 1338 690 non
1374 615 1449 714 ejus
1487 611 1567 685 sunt
1602 605 1855 708 antiquitatis»

1087 737 1129 791 ut
1165 716 1256 792 mihi
1296 713 1561 790 dubitationem
1602 735 1746 785 ornnem
1780 706 1857 779 eri·

204 815 363 908 smmum
387 821 531 917 partiam
558 839 657 914 paene
681 818 810 914 aperti,
846 819 894 899 (r
921 817 973 890 al·
1079 816 1207 914 pianr:
1240 817 1334 892 Fieri
1361 815 1493 917 quippe
1513 814 1655 914 potuit,
1683 831 1724 886 ut
1742 832 1855 907 quum

209 922 358 1002 amatim
383 920 505 1015 laqueis
529 919 733 1016 corrigiarum
751 921 866 992 reterri
877 973 888 992 .
909 926 972 989 Po·

203 1018 275 1106 flea
312 1027 386 1092 vert
423 1041 585 1117 mparurtr
624 1021 718 1106 Hasta
756 1025 839 1103 uti,
879 1021 974 1115 saper

209 1145 289 1212 quas
312 1121 492 1217 aquintum
515 1120 683 1219 Tybrrgus
716 1125 841 1219 byrreos
867 1123 973 1192 mirre-

208 1217 310 1296 barr.
339 1226 406 1295 sad
429 1224 484 1297 boc
507 1231 547 1298 de
573 1232 789 1297 Romanorum
813 1225 974 1314 consuetu·

207 1320 285 1392 dior
323 1344 511 1400 traxerunt.
553 1328 653 1401 Haec
688 1325 753 1400 ille
768 1375 779 1407 ,
814 1324 898 1397 satis
933 1349 975 1395 o·
1013 1319 1043 1390 Β

209 1419 402 1516 stendens‚
443 1425 556 1501 alium
597 1427 711 1525 polica
751 1425 898 1499 vellium
935 1421 974 1498 δι

210 1522 340 1624 capitis
364 1545 530 1601 ornatum
560 1526 770 1602 invatuiffe.
806 1526 910 1617 Halae
935 1523 977 1598 fi-

209 1650 253 1697 ve
297 1627 376 1719 osae
421 1629 601 1720 tibialia,
641 1627 699 1703 lect
740 1631 977 1702 calceamenta

213 1723 314 1799 fuine
329 1747 538 1825 putantur,
574 1733 695 1829 quales
730 1756 824 1804 nune
849 1731 978 1802 Srr'vala‘

210 1825 246 1898 er
272 1828 596 1907 Sriualerriltalis.
627 1836 681 1906 De
705 1830 753 1906 iis
775 1830 914 1905 Voffius
941 1834 975 1905 bt

209 1929 474 2030 Ducangius.
510 1933 682 2008 Germani
718 1950 836 2006 tamen
874 1935 977 2022 Hales

212 2031 394 2129 appellant
409 2039 566 2125 Bracae,
587 2036 690 2109 nobis
709 2034 872 2131 Calgoni:
893 2059 977 2106 con·

211 2146 267 2206 tra
309 2135 442 2235 Anglis
482 2137 566 2228 Hole
604 2135 779 2236 lignificat
818 2136 978 2209 Tibiale.

1085 917 1357 992 vetulliffimum
1382 943 1512 990 nomen
1548 916 1678 988 servari
1711 911 1858 987 reddere

1084 1019 1217 1095 Latine
1243 1021 1402 1108 vellent,
1436 1017 1629 1104 Aestivalia
1665 1015 1856 1099 dicerent,

1084 1120 1179 1218 quod
1220 1120 1383 1219 proprior
1423 1117 1484 1190 iila
1520 1142 1593 1191 vox
1629 1117 1740 1202 effer,
1777 1138 1856 1186 non

1086 1221 1180 1319 quod
1195 1247 1328 1296 revera
1354 1221 1540 1306 Aellioales
1566 1244 1670 1290 aereae
1704 1215 1853 1288 forent:

1087 1349 1240 1421 namque
1259 1322 1415 1417 hyemali
1437 1341 1592 1419 tempore
1610 1343 1732 1393 eorum
1760 1342 1856 1413 quo·

1087 1451 1157 1522 que
1180 1423 1263 1499 ,ulus
1297 1425 1395 1506 luit,
1429 1423 1541 1497 immo
1568 1419 1747 1496 neceffitas
1774 1433 1874 1490 ma·'

1087 1526 1165 1626 jor.
1200 1527 1389 1612 Germanis
1425 1523 1462 1599 id
1496 1521 1693 1597 accuratius
1727 1518 1855 1618 inqui·

1088 1629 1235 1703 rendum
1262 1627 1454 1726 relinquo.

1140 1731 1251 1802 Porio
1275 1746 1375 1803 extra
1400 1724 1671 1801 controversum
1699 1719 1856 1820 positum

1087 1829 1158 1919 est,
1178 1831 1431 1929 Langobardos
1450 1827 1570 1898 aluille
1589 1825 1752 1897 barbam:
1783 1820 1858 1894 int·

1089 1957 1153 2004 tno
1177 1930 1260 2004 inde
1286 1930 1337 2003 eis
1363 1926 1534 2003 acceffillc
1562 1925 1630 1997 hoc
1657 1949 1786 2005 nomen
1812 1925 1858 1995 ab

1089 2032 1232 2105 ἱκέσθαι
1252 2032 1339 2123 serra
1364 2029 1481 2104 barbae
1506 2025 1726 2123 bargundiae,
1751 2025 1855 2097 oclu-

1088 2131 1118 2206 ti
1146 2159 1219 2207 rem
1247 2151 1378 2207 certam
1408 2148 1526 2205 narrat
1552 2128 1653 2227 supra
1679 2150 1855 2215 memora-

212 2235 333 2327 Quare
357 2237 672 2331 Langobardorum
702 2237 804 2329 Helas
830 2236 978 2336 suspica·
1016 2224 1050 2298 C
1088 2254 1144 2309 tus
1173 2236 1315 2308 Paullus
1341 2230 1584 2307 Warnefridi.
1607 2221 1701 2303 ¹Sunt
1726 2226 1789 2325 qui
1816 2253 1853 2298 a·

213 2334 242 2408 ri
273 2336 460 2434 possumus.
476 2365 549 2414 non
575 2338 761 2415 diffimiles
781 2341 839 2413 ab
864 2339 978 2412 ocreis

212 2438 466 2537 Hungarorum
504 2440 688 2540 peditum,
723 2467 813 2538 quae
850 2440 978 2537 pedes,

212 2536 343 2629 tibias,
366 2540 537 2638 fimulque
558 2566 664 2615 coxas
678 2543 856 2615 vestiunt.
877 2547 977 2614 Mat·-

213 2635 336 2710 thaeus
373 2641 567 2714 Villanius
594 2643 676 2715 Lib.
715 2647 748 2715 8.
785 2639 877 2734 Cap.
913 2664 975 2736 74.

210 2735 399 2813 Historiar.
435 2737 510 2813 ait:
549 2746 642 2813 Dave
672 2741 726 2835 gli
767 2742 906 2838 ngberr'
942 2747 977 2812 a'n
1013 2747 1016 2751 ’

213 2838 318 2929 Ursa,
355 2866 372 2909 e
392 2841 556 2936 gravidi
580 2839 754 2931 lor'armr',
783 2870 800 2914 r
821 2840 979 2940 giubbcnr‘

213 2965 275 3010 uon
299 2961 433 3030 parrana
453 2942 573 3032 salire.
609 2943 716 3038 Apud
744 2942 977 3018 Bocemdum

1087 2336 1210 2412 liunde
1236 2335 1327 2411 illud
1356 2334 1592 2408 arcellendum
1621 2325 1854 2404 conllantiffi·

1088 2465 1145 2514 nte
1171 2436 1412 2511 contendunt.
1447 2440 1525 2536 Ego
1551 2434 1617 2507 hac
1642 2431 1686 2508 de
1712 2459 1750 2506 re
1773 2429 1854 2506 liti-

1088 2560 1212 2641 gantes
1237 2538 1406 2612 dimitto.
1442 2537 1541 2612 Inter
1576 2540 1690 2635 Leges
1718 2531 1855 2607 Rotna-

1087 2644 1136 2716 ris
1171 2641 1379 2720 damnatur,
1415 2638 1478 2739 qui
1510 2639 1658 2735 [urgente
1694 2638 1767 2708 rixa
1798 2655 1856 2726 per

1087 2745 1218 2815 barbam
1229 2789 1241 2823 ,
1268 2763 1328 2813 aur
1352 2763 1408 2833 per
1432 2741 1567 2830 capillos
1592 2739 1750 2811 dominer»
1773 2740 1855 2810 lide·

1088 2870 1159 2913 rum
1194 2844 1352 2916 nexerit.
1389 2846 1579 2916 Ravennae
1614 2865 1756 2938 qnoque
1791 2863 1855 2938 pra

1088 2943 1223 3018 foribus
1258 2944 1407 3032 Templi
1444 2943 1564 3017 Sancti
1600 2941 1759 3023 Vitalis,
1793 2964 1856 3014 eo·

212 3065 356 3140 quoque
392 3042 468 3136 Vasa
494 3070 566 3119 non
602 3043 708 3117 semel
737 3065 980 3121 memoratur.
1060 3047 1168 3157 ¹dem
1207 3047 1333 3120 Paullo
1370 3045 1557 3129 Diacono,
1592 3047 1628 3117 de
1665 3043 1789 3120 Rubro
1813 3041 1854 3116 in

215 3146 298 3218 Vox
341 3164 458 3222 autem
504 3149 632 3220 Srioalr'
677 3173 721 3221 ex
765 3148 982 3222 Germanico
1020 3127 1054 3197 D

211 3247 327 3337 Sriesel
353 3248 520 3348 prodiill'e
546 3248 732 3336 censetur,
768 3277 877 3346 eaque
903 3248 980 3323 sen·

214 3349 328 3424 tentia
355 3348 426 3424 fuir
452 3349 616 3450 Menagii
644 3353 677 3423 bt
706 3351 883 3425 ferrarii.
910 3355 981 3426 Ar-

214 3463 335 3520 tamen
362 3448 500 3523 addidit
527 3450 729 3536 Ferrarius,
756 3452 868 3549 ipsum
890 3455 979 3524 Ger-

215 3545 394 3618 manicum
422 3549 536 3636 Sriafel
561 3549 786 3622 efformatum
814 3549 914 3622 luill'e
934 3577 979 3624 ex

214 3645 350 3721 Latino
373 3644 582 3732 domoalis,
617 3645 919 3750 subintelligendo
942 3677 977 3723 a·

1091 3148 1221 3225 Hillor.
1265 3153 1463 3222 Ravennat.
1506 3146 1684 3234 testibus,
1723 3144 1853 3245 pofitus

1089 3250 1160 3324 fuit
1195 3249 1285 3346 lapis
1313 3245 1753 3346 sepulcralisDroilullo,
1787 3244 1855 3342 qui

1089 3352 1133 3425 ab
1158 3349 1315 3425 Authari
1343 3351 1662 3452 Langobardorum
1691 3353 1787 3447 Rege
1812 3346 1856 3424 ad

1091 3453 1290 3525 Exarcbum
1319 3452 1510 3536 deficiens5
1541 3451 1679 3528 bellicis
1705 3450 1857 3524 virtuti·

1090 3556 1153 3626 bus
1180 3552 1308 3626 lamam
1337 3553 1399 3629 libi
1427 3554 1671 3655 praegrandem
1696 3548 1853 3651 quaede-

1090 3657 1561 3735 mfflmffimws

405 3852 688 3931 renaturus
713 3854 827 3929 v1sv
854 3855 1049 3941 unctas,
1085 3861 1378 3935 saoconna
1404 3814 1651 3935 sinleum

670 4061 737 4132 Sed
760 4081 863 4134 mente
887 4062 1062 4163 benignus,
1090 4061 1197 4140 habet
1224 4065 1392 4176 Paullus3

224 4223 228 4231 ’
307 4296 310 4303 ·
442 4261 730 4355 nouonove
758 4264 988 4340 nonvsro
1014 4271 1245 4344 merone
1273 4270 1445 4345 annun
1470 4270 1617 4345 rvtr.

212 4464 423 4544 Grimoaldo
457 4492 599 4569 quoque
626 4462 715 4566 Regi
749 4464 974 4566 prominentem

212 4566 342 4638 barbam
374 4567 472 4663 suffe
511 4571 616 4645 idem⁴
651 4569 812 4646 Paullus·
832 4568 971 4645 tradit.

212 4662 358 4740 Scilicet
393 4671 535 4744 barbam
571 4671 730 4760 nutrire,
767 4670 972 4771 Langobar·

98 4840 104 4851 ,
212 4763 268 4839 dis
295 4767 458 4841 decorum
496 4797 535 4844 ac
573 4771 679 4843 virile
710 4772 973 4847 visurum-o·

212 4874 303 4948 lim.
341 4866 505 4944 Fortallis
531 4870 638 4943 etiarn
677 4868 774 4946 lacie‘
801 4874 971 4972 quodam-

1086 4468 1302 4567 campestra,
1329 4470 1362 4547 se
1389 4495 1524 4549 metum
1551 4471 1706 4548 bollibus
1735 4465 1855 4544 incus·

1089 4569 1185 4646 loros
1228 4571 1444 4670 sperabant:
1490 4579 1584 4674 quod
1609 4577 1658 4650 ··&
1700 4596 1793 4647 nunc
1833 4596 1857 4649 a

1086 4676 1269 4753 nonnullis
1298 4678 1533 4772 -praellatur.·
1552 4677 1689 4755 retentd
1723 4675 1857 4777 dunta-

1085 4796 1170 4864 xat,
1196 4779 1230 4848 dt
1254 4777 1430 4879 utrinque·
1453 4784 1649 4881 pendente,
1676 4776 1767 4853 labri
1797 4776 1855 4852 stt-¹

1085 4877 1233 4971 petineis
1259 4881 1390 4955 barba.-
1430 4913 1504 4959 nos1
1522 4884 1699 4974 Massaecbr'
1737 4880 1859 4977 angel·

215 4981 324 5055 modo
351 4974 476 5051 barbae
511 4969 616 5075 ipsrus
643 4998 711 5074 ope
736 4973 779 5050 ad
804 4962 999 5054 terrorem¹
1044 4975 1215 5057 l'lamue.
1243 4983 1415 5085 Adeoque
1433 4987 1471 5062 id
1495 5008 1657 5078 eertum,
1684 5005 1726 5060 ot
1746 4986 1854 5101 igno·

1665 5087 1798 5164 minna
