4216 6014
302 297 385 402 ,ry
578 284 792 376 aver
870 286 1547 380 remuneremur
1729 298 1814 409 ,ee

235 399 352 477 iniis
385 402 556 518 or'pandis
589 433 635 482 ex
670 405 821 484 bolliam
869 409 1007 484 crisio·
1037 410 1075 484 A
1115 427 1210 485 terea
1252 407 1395 493 nescio,
1441 407 1501 484 eui
1544 403 1739 506 persuadere
1766 403 1876 508 poffit

239 529 319 577 rum
346 532 475 581 arrnrs.
503 508 735 602 Landulpbus
759 519 845 587 verb
868 511 1006 595 senior,
1117 511 1358 604 Rioobaldus,
1396 529 1479 586 ante
1513 508 1684 585 friderici
1709 509 1756 585 ΙΙ.
1779 531 1876 583 rern-

241 631 352 706 nuper
388 633 604 688 memoratus
639 612 834 689 Hilloricus
860 617 1006 693 Medio-
1115 641 1201 715 pora
1225 614 1316 687 nelle
1339 636 1499 686 coeranus
1523 616 1659 686 lacernis
1675 612 1730 683 uel
1749 611 1878 702 laribus

241 709 413 806 lanenfis,
448 718 570 789 Tomo
605 718 669 787 IV.
707 741 784 818 pag·
824 721 884 814 84.
920 722 1002 794 Rer.
1115 716 1249 791 mensas
1274 715 1509 807 illuminasse,
1539 717 1880 808 faeminarum

239 809 400 890 Italicas.
427 816 671 891 Tbeutonicos
714 843 736 890 a
773 813 943 895 Conrado
972 821 1000 897 l.
1111 840 1275 913 mmm
1299 819 1355 893 uel
1373 818 1497 910 servu
1522 844 1597 892 nam
1619 817 1819 889 candelarum
1836 814 1880 885 de

239 915 400 1015 Augusto
434 917 472 989 in
509 915 654 990 Italiam
695 916 863 996 addublos
892 925 1002 998 Anno
1105 918 1182 1010 sebo
1205 922 1326 991 uelde
1350 946 1420 992 cera
1444 921 1517 1012 usus
1544 945 1606 992 nan
1632 939 1721 990 erar.
1747 916 1882 988 Carde-

241 1017 372 1092 Chrisli
421 1020 636 1092 MXXXVl.
681 1021 785 1098 nobis
828 1024 1000 1117 exhibet,
1111 1026 1161 1091 lar
1180 1020 1289 1113 sebare
1315 1020 1373 1096 seu
1392 1021 1529 1114 levare,
1569 1019 1662 1118 apud
1703 1015 1882 1091 vetusium

232 1117 345 1212 filim
369 1118 529 1204 Tlllmfi
555 1121 589 1192 in
617 1126 698 1195 Urbe
721 1126 819 1197 esiam
844 1129 912 1220 poll
936 1156 1000 1199 roe·
1112 1124 1352 1198 Columellam
1389 1122 1607 1220 reperimus.
1643 1123 1789 1191 sebalem
1818 1120 1883 1210 la·

122 1286 127 1291 .
238 1245 313 1292 um
338 1219 373 1290 iar
398 1222 550 1294 nucleolis
575 1222 702 1322 (nunc
729 1231 926 1328 Noceiuale)
953 1229 1001 1310 &r
1112 1253 1174 1296 cem
1200 1240 1374 1299 memorat
1399 1224 1613 1298 Ammianus
1639 1220 1882 1295 Marcellinus

237 1320 409 1411 maioribus
443 1325 574 1397 naribus
606 1327 724 1422 aprima
755 1331 835 1404 uina
870 1333 1001 1425 inserir-
1038 1318 1067 1392 Β
1114 1327 1197 1400 Lib.
1231 1331 1288 1401 18.
1311 1330 1399 1425 Cap.
1428 1328 1463 1401 6.
1497 1325 1541 1400 ad
1567 1327 1715 1399 Annum
1742 1320 1880 1396 curisti

237 1444 324 1495 carra
351 1423 467 1500 Addit
490 1453 552 1501 eos
579 1426 657 1503 usos
683 1432 787 1503 aureis
812 1435 859 1505 0·
889 1460 1002 1532 argen-

237 1522 298 1595 teis
337 1524 483 1620 [cyphis.
515 1528 821 1607 ·Sarisberieusem
861 1562 1003 1636 quoque

238 1627 504 1726 praelaudatum
532 1630 613 1704 audi
639 1635 764 1707 Seculo
794 1640 875 1711 llll.
905 1665 1001 1737 prae·

238 1725 385 1801 cedente
409 1727 663 1808 describentem
692 1734 774 1812 Lib.
795 1745 830 1814 8.
850 1745 938 1840 Cap.
967 1766 1002 1840 7.

238 1855 362 1903 coenam
401 1833 523 1904 divitis
558 1836 735 1934 eujusdam
776 1841 814 1914 iri
844 1845 1002 1938 Apulia,

238 1931 296 2006 eui
323 1932 357 2004 dt
385 1931 458 2034 ipse
485 1933 667 2013 interfuit.
715 1945 814 2017 Haec
852 1945 896 2018 ab
927 1948 1003 2019 bora

237 2034 305 2110 diei
331 2061 413 2108 noua
434 2037 501 2125 sere
526 2039 620 2136 usque
644 2045 689 2116 ad
712 2048 924 2121 duodecimam
946 2076 1001 2120 no·

236 2136 322 2219 slis,
348 2134 397 2216 ά
421 2137 475 2211 hee
499 2142 626 2239 quidem
652 2166 784 2239 tempore
808 2177 904 2248 arque
928 2152 1003 2224 dia-

237 2339 345 2438 baspes
382 2345 773 2445 Constantinopolitanae,
823 2354 1002 2443 Balrlorri—

238 2469 312 2533 cas,
339 2447 610 2539 dexandriuas,
638 2457 861 2548 Palaestinas,
889 2458 1002 2556 Tripo-

240 2547 364 2620 litanas
405 2547 479 2627 &n
514 2554 656 2647 rongrffir
691 2559 821 2630 delicias
834 2587 856 2646 ;
902 2589 939 2632 ac
972 2560 1005 2645 li

238 2650 376 2731 Sicilia,
404 2652 580 2738 Calabria,
607 2659 764 2748 usualia,
804 2663 999 2752 Campania·

134 2833 138 2838 ¹
238 2772 298 2843 que
331 2772 392 2817 nou
430 2747 598 2840 sufficiant
631 2757 817 2830 coavivium
855 2760 1003 2847 instruere

237 2847 426 2923 delicatum.
454 2852 586 2946 Capsam
613 2882 736 2945 rerum,
764 2862 930 2950 ministerii
948 2866 1002 2935 di-

230 2948 403 3046 sciplinans
415 3000 426 3032 ‚
447 2954 653 3045 sedulitatem
679 2960 842 3058 obsequii,
869 2963 1003 3038 arbeni-

232 3071 335 3126 tatem
360 3054 494 3152 hospitis
516 3058 645 3154 plenius
679 3064 723 3132 &
758 3067 870 3137 melius
895 3067 1005 3158 reseres

1113 1430 1314 1504 CCCLIX.
1341 1426 1406 1504 Sed
1424 1424 1464 1502 ἃ
1483 1427 1654 1527 Apuleius
1676 1425 1881 1498 Metamor-

1115 1526 1212 1631 pbo's.
1249 1530 1334 1608 Lib.
1357 1557 1394 1626 4.
1421 1531 1559 1612 Tardis,
1594 1524 1734 1626 inquit,
1774 1528 1880 1597 lacer·-

1115 1633 1187 1723 rris,
1214 1634 1328 1715 cereis,
1347 1633 1504 1726 sebaceis,
1531 1633 1575 1703 θ
1599 1627 1705 1703 ceteris
1731 1625 1881 1699 nallavni

1114 1735 1245 1807 lerninis
1265 1734 1499 1823 instrumentis,
1524 1735 1694 1824 clarescunt
1711 1733 1879 1801 tenebrae.

1117 1839 1254 1912 Harum
1282 1834 1446 1910 excidiffe
1473 1834 1660 1916 inventum
1687 1832 1720 1900 dr
1748 1828 1884 1919 usum,

1116 1935 1181 2011 vix
1207 1935 1254 2010 eu
1279 1954 1319 2010 ut
1345 1934 1517 2010 credam..
1542 1938 1636 2008 Nam
1663 1927 1727 2002 etsi·
1749 1932 1883 2001 Cande-

1116 2041 1168 2113 lae
1201 2037 1349 2114 nomine
1367 2037 1505 2119 ,Secula
1533 2031 1717 2110 barbarica
1745 2035 1881 2105 Lucer-

1115 2167 1175 2215 nas
1211 2143 1293 2214 oleo
1333 2131 1487 2215 nutritas
1522 2132 1778 2239 fignificarint,
1824 2129 1880 2207 uti

93 2234 98 2246 ’
238 2235 288 2329 li,
325 2240 490 2330 pmrralla
533 2243 594 2330 ell.
639 2250 678 2318 ln
718 2251 800 2325 bane
823 2253 1003 2340 Canufinus
1038 2245 1070 2318 C
1117 2240 1371 2340 Du·Cangius',
1412 2240 1537 2315 multis
1573 2234 1745 2339 congestis
1785 2230 1880 2311 resti·

1114 2348 1175 2420 bus
1201 2342 1457 2424 imGlossario,
1483 2340 1655 2431 ostendit,
1680 2354 1880 2413 attamene

1114 2448 1354 2547 compluribus
1390 2443 1472 2520 aliis
1511 2441 1752 2538 scriptoribus
1794 2464 1878 2515 cou-

1113 2550 1202 2638 stat,
1229 2549 1390 2622 Crudeles
1415 2570 1529 2620 cereas
1556 2544 1680 2619 saltem
1707 2542 1746 2616 in
1773 2537 1879 2617 sacris

1111 2650 1289 2725 adhibitas
1315 2649 1434 2729 fuille,
1476 2646 1729 2747 propriumque
1759 2668 1877 2725 earum

1112 2778 1240 2825 nomen
1287 2750 1482 2847 perdurasse
1525 2748 1679 2846 semper.
1723 2751 1878 2824 Praeter·

1111 2853 1314 2954 quamquod
1369 2849 1504 2927 etiamsi
1559 2871 1643 2927 ante
1690 2847 1877 2927 Ricobaldi

1113 2975 1272 3056 tempora
1298 2955 1448 3053 majores
1475 2953 1581 3029 nosiri
1609 2952 1759 3028 medelis
1796 2952 1878 3026 uul-

1114 3060 1164 3132 las
1200 3058 1242 3132 ad
1278 3056 1432 3132 mensam
1469 3055 1668 3131 adhibuifl'e
1700 3053 1879 3130 crederen-

168 3198 169 3202 =
229 3156 398 3248 :lebannes
425 3161 654 3254 Tbelrararivs
680 3163 843 3240 Eboraci:
868 3197 942 3240 nam
962 3173 1005 3241 θ
1041 3162 1074 3231 D
1114 3180 1194 3242 tur,
1213 3180 1307 3235 certe
1327 3159 1378 3233 eis
1397 3178 1498 3233 erant
1521 3161 1682 3235 lucernae
1699 3155 1875 3239 oleariae,

233 3259 305 3358 ipse
340 3262 505 3373 interfuit.
551 3267 635 3342 Huc
688 3267 816 3366 quaeso
853 3273 1006 3354 oculos.

239 3364 332 3439 bone
370 3367 582 3443 Rirobalde.
624 3373 709 3442 Non
752 3376 906 3456 Romae,
933 3401 1005 3448 uon

239 3488 260 3534 a
298 3462 464 3559 Principe
499 3466 576 3538 asia
617 3466 702 3540 baec
742 3471 844 3561 sunt,
887 3473 943 3545 sed
985 3501 1005 3546 a

237 3561 383 3659 privato
421 3565 589 3645 bomine,
628 3564 668 3637 ἃ
697 3572 860 3643 Canusii.
896 3572 1003 3646 Talia

233 3661 494 3740 Sarisberiensrs
513 3660 722 3740 lasciviente
739 3668 818 3742 llilo
837 3668 877 3745 ἂ
896 3699 1005 3767 exag-

236 3787 360 3866 gerans
376 3763 567 3841 effuderit:
596 3784 692 3843 certe
710 3768 896 3871 opiparum
916 3802 1002 3851 con·

237 3867 403 3951 vivium,
435 3869 471 3943 dt
498 3867 691 3946 convivam
717 3871 910 3953 describere
936 3906 1001 3954 vo·

235 3973 326 4050 luit.
353 3971 453 4066 Quid
479 4000 563 4094 ergo
583 3991 656 4049 tam
677 3977 801 4067 rudes,
827 3998 901 4057 tam
921 4010 1001 4086 par·

1115 3287 1199 3361 quas
1224 3262 1332 3337 etiam
1362 3262 1579 3337 Ricobaldus
1605 3256 1676 3362 ipse
1700 3254 1875 3361 agnovit·-

1114 3367 1235 3458 Quum
1282 3360 1347 3438 bae
1388 3363 1520 3462 praelio
1559 3363 1688 3462 cuique
1734 3359 1880 3452 forent,

1114 3465 1207 3562 quod
1235 3465 1300 3539 ille
1326 3464 1464 3555 subdit,
1490 3465 1536 3541 de
1555 3465 1696 3540 facibus
1723 3461 1878 3539 mensam

1113 3568 1423 3659 illuminantibus,
1462 3571 1497 3643 ἃ
1528 3560 1629 3661 samis
1666 3585 1876 3638 serranum

1112 3691 1275 3760 parvorum
1314 3673 1371 3743 uel
1399 3671 1517 3764 serua,
1553 3669 1657 3746 sidem
1692 3688 1873 3763 nunquam

1113 3797 1133 3844 a
1160 3797 1218 3845 me
1243 3772 1434 3871 impetret,
1461 3771 1524 3847 uili
1551 3772 1635 3846 baec
1661 3771 1705 3843 ad
1729 3765 1872 3842 infimas

1091 3912 1092 3916 ¹
1114 3873 1214 3975 vulgi
1241 3875 1450 3976 quisquilias
1473 3871 1617 3948 referas.
1653 3875 1748 3946 Nam
1787 3867 1872 3965 quia

1112 3974 1155 4050 de
1182 3976 1318 4052 ditibus
1343 4005 1384 4053 ac
1404 3960 1591 4051 nobilibus
1610 3968 1757 4046 eredat?
1798 3974 1875 4045 Ru·

235 4104 297 4153 eos
324 4073 427 4148 nobis
453 4075 599 4147 exhibes
618 4076 827 4156 Italicorum
848 4112 891 4161 eo
910 4105 1001 4162 tem·
1041 4073 1073 4145 Ε
1113 4077 1214 4154 ilices
1228 4076 1460 4155 ferrarienses
1477 4093 1537 4152 aut
1555 4078 1780 4150 Ravennates
1795 4098 1877 4172 prae

236 4210 321 4289 pore
360 4174 503 4254 mores?
546 4175 709 4252 Proseslb
750 4181 773 4252 sr
804 4185 889 4260 viva
916 4189 1002 4265 haec

237 4291 342 4363 luxus
368 4278 408 4360 ἃ
435 4284 539 4385 gulae
561 4278 758 4381 spellacula
777 4301 858 4357 ante
878 4292 1001 4364 oculos

236 4393 398 4467 omnium
445 4385 689 4470 versabantur,
731 4384 794 4460 vix
834 4387 1001 4464 dubitan-

237 4478 322 4562 dum
351 4494 534 4572 videatur,
569 4488 655 4590 quin
691 4491 727 4564 ἀ
753 4489 909 4565 minores
936 4518 1001 4590 pro

21 4612 33 4690 Ἰ
125 4623 145 4639 ’»
235 4591 383 4666 modulo
417 4594 481 4669 sun
519 4591 563 4667 ad
602 4619 723 4669 eorum
755 4591 999 4669 imitationem

41 4712 45 4721 ·
237 4692 433 4773 certarint,
471 4717 596 4791 quum·
616 4701 652 4770 ἃ
674 4716 858 4771 uos-aevo
883 4694 1001 4769 nollro

58 4875 63 4889 ,
237 4790 389 4883 Nobiles
416 4792 617 4866 iutueamur
644 4797 859 4894 ‚Principum
895 4824 999 4873 orna-

35 4930 43 4944 ·
112 4970 114 4975 ⁴
236 4914 358 4974 menta
393 4892 578 4973 affectare,
619 4897 652 4967 u
694 4896 871 4994 ignobiles
898 4899 1001 4973 slulre

126 5012 128 5017 ’
236 4999 407 5081 demulari
426 4993 618 5079 Nobilium
633 4994 874 5099 splendorem.
896 5005 1000 5078 Prae·

1112 4182 1228 4256 oculis
1263 4181 1418 4257 babuilie
1454 4177 1668 4255 Ricobaldur
1706 4174 1872 4256 videtur,

1114 4309 1293 4383 nunquam
1324 4290 1410 4359 vrri>
1444 4280 1603 4381 honestos
1630 4277 1787 4355 Urbium
1825 4276 1874 4350 il—¹

1111 4389 1223 4460 lerum
1251 4384 1387 4474 Cives,
1415 4387 1544 4460 uedum
1572 4380 1767 4459 universam
1803 4381 1875 4453 lta·

1111 4485 1262 4562 licorurn
1290 4506 1454 4589 gentem.
1497 4487 1557 4561 Ad
1596 4485 1682 4558 baec
1707 4481 1789 4556 vide
1813 4480 1875 4555 ia-

1110 4587 1185 4672 fra,
1211 4615 1300 4688 quae
1326 4591 1364 4665 in
1393 4588 1649 4665 Differtatioue
1688 4587 1800 4659 XXV.
1834 4585 1877 4656 da

1110 4692 1267 4764 Textrini
1288 4693 1453 4776 disserui,
1491 4692 1551 4768 ubi
1588 4692 1711 4788 palam·
1738 4683 1876 4761 latrum

1110 4793 1176 4875 est,
1196 4795 1301 4891 quim
1321 4794 1480 4894 pretiosis
1501 4795 1653 4869 vestibus
1668 4789 1758 4866 olim
1782 4814 1876 4887 quo-

1111 4922 1180 4994 que
1204 4897 1360 4995 Maiores
1387 4897 1492 4972 nollri
1520 4896 1588 4971 lint
1627 4892 1695 4970 uss.
1730 4891 1875 4986 Quibus

1108 5024 1205 5074 nuuc
1227 4999 1342 5094 riddo,
1369 4999 1455 5100 quid
1481 4998 1716 5101 Landulphus
1747 4991 1876 5170 iiii&

1785 5118 1819 5168 ι.
1894 5128 1904 5149 .
