4216 6014
105 310 107 321 '
220 342 316 442 ις,
514 328 885 423 urssanrarro
926 325 1483 446 uronsrnnotmarr.
1671 348 1762 450 ⁶54

163 438 257 521 tium
293 447 433 523 barbari
472 472 513 525 ac
550 448 669 527 rustici
684 447 821 548 equod
844 449 931 526 reli·
967 456 1003 528 A
1043 449 1132 544 369.
1177 447 1365 523 Basilicam
1403 447 1622 527 describensv
1653 478 1675 526 a
1712 452 1816 544 Josue

164 567 276 639 quum
301 545 373 624 fuit
400 553 581 624 Romanae
605 549 675 629 fiae
700 550 850 627 Italicae
866 566 929 626 a'u·

164 645 287 745 tiquae
366 647 468 742 ntis,
513 650 688 733 infecere.
730 651 785 729 ita
823 652 928 728 utin

165 747 293 835 eunfiia
319 675 391 826 scie
416 750 563 839 Artium
590 751 723 835 studia,
744 780 846 853 'quae
885 755 927 828 ad

165 849 445 928 oblebiationem
486 854 689 953 pertinent,
726 853 928 956 ignorantia

166 947 236 1029 sese
279 954 483 1053 ingefferit,
526 959 755 1055 multumque
786 957 839 1031 eis
861 957 933 1032 eri·

167 1053 288 1151 puerit
312 1055 438 1132 vetusti
472 1058 604 1132 coloris
640 1078 747 1155 atque
771 1056 934 1133 decoris.

166 1149 278 1229 Certe
318 1183 433 1254 neque
471 1156 533 1233 sub
571 1158 654 1259 ipsas
689 1159 935 1257 Langobardis

163 1280 282 1329 rerum
306 1260 455 1356 potitis,
473 1287 588 1359 neque
601 1259 729 1335 deinde
746 1260 807 1334 sub
825 1265 934 1334 Pran-

1042 549 1185 621 Abbate
1203 547 1460 641 construam,
1476 550 1563 627 baec
1580 549 1709 628 babet:
1730 562 1812 626 Cer-

1041 671 1072 721 te
1098 676 1173 739 ner,
1199 651 1256 744 qui
1280 675 1365 721 mune
1385 653 1556 742 uidemus,
1577 654 1637 725 orl
1655 654 1713 751 qui
1736 675 1812 728 tutte

1043 750 1113 821 illis
1136 751 1248 821 uidere
1269 753 1482 850 temporibus,
1500 753 1585 846 setis
1611 755 1812 830 mirariue»

1039 848 1196 949 poffumut
1235 852 1327 924 illius
1347 853 1518 938 'Ecclefiae
1555 856 1811 952 magnitudinem

1043 956 1097 1024 vel
1120 953 1367 1051 pulcritudinem
1391 955 1426 1026 in
1451 955 1506 1028 his
1529 957 1730 1052 regionibus.
1764 961 1814 1032 Et

1042 1056 1151 1153 longe
1185 1055 1329 1152 quidem
1371 1058 1518 1155 plures,
1557 1059 1664 1154 qulrn
1691 1083 1812 1144 nunc,

1044 1155 1244 1255 supererant
1292 1156 1341 1232 iis
1387 1157 1607 1259 temporibus
1647 1157 1687 1234 in
1716 1159 1813 1233 Urbe

1043 1259 1182 1331 aeterni
1208 1256 1382 1348 fabricae,
1407 1257 1584 1359 exquisito
1610 1258 1811 1359 magisterio

168 1354 240 1437 cis,
282 1354 360 1434 fieri
395 1359 569 1436 defierunt
608 1361 750 1462 publica
778 1361 934 1460 privata·
973 1368 1003 1439 Β
1043 1358 1210 1445 brusias,
1240 1385 1325 1456 quas
1354 1388 1434 1460 prae
1460 1361 1576 1435 oeulis
1602 1359 1810 1435 Archiretti

168 1480 236 1555 que
272 1485 420 1560 magnae
454 1461 563 1536 molis
597 1459 759 1536 aedificia
794 1462 832 1535 in
861 1463 929 1536 lta·

167 1557 247 1658 lia;
274 1558 331 1634 sed
357 1560 469 1637 iniis
496 1562 799 1664 magnificentiam
841 1562 932 1638 forte

167 1678 276 1758 atque
294 1663 517 1762 opulentiam
541 1665 733 1746 laudasses,
758 1663 852 1738 nihil
873 1692 932 1739 ue·

167 1765 208 1837 rb
235 1762 311 1862 ejus
335 1765 555 1864 elegantiae,
593 1766 721 1843 autin
748 1783 830 1841 toto
856 1793 932 1840 eor·

168 1887 253 1960 pore
268 1912 281 1945 ‚
322 1883 385 1938 aut
412 1867 450 1938 in
478 1865 622 1967 singulis
648 1866 807 1966 partibus
832 1866 934 1940 inve·

166 1961 295 2054 nilies,
338 1991 445 2064 quam
497 1965 648 2043 florente
692 1973 933 2042 Romanorum

167 2063 327 2164 Imperio
352 2069 412 2143 vel
436 2066 592 2169 ipsorum
620 2071 843 2171 privatorum
881 2068 934 2143 sa·

105 2191 107 2202 ’
167 2164 307 2251 bricae,
344 2194 461 2269 eoque
498 2171 614 2272 magis
647 2171 811 2271 publicae
835 2197 932 2271 prae·

1043 1458 1169 1533 habere
1196 1479 1378 1556 poterant.
1419 1461 1528 1558 Quod
1555 1480 1673 1537 tamen
1703 1461 1813 1536 mire·

1043 1586 1107 1638 re,
1133 1558 1276 1633 aliunde
1303 1558 1409 1658 petiti
1437 1562 1606 1638 videntur
1642 1562 1813 1637 Archite-

1043 1659 1117 1742 tri,
1142 1678 1204 1734 aut
1231 1659 1353 1735 saltem
1382 1659 1574 1736 Artifices.
1612 1662 1812 1739 Desiderius

1044 1760 1234 1836 calinensis
1261 1764 1410 1854 abbas,
1448 1762 1560 1863 postca
1596 1762 1640 1839 ad
1680 1769 1813 1838 Roma·

1043 1890 1128 1938 num
1150 1862 1588 1946 Pontificatumevebius,
1616 1891 1725 1963 quum
1747 1891 1812 1938 no-

1044 1991 1124 2039 vam
1153 1964 1321 2065 insignem
1350 1965 1535 2041 Basilicam
1563 1967 1601 2041 in
1638 1965 1813 2041 Casrnenli

1042 2064 1175 2141 Monte
1200 2070 1311 2142 Anno
1334 2070 1515 2144 Mtxvt.
1538 2067 1729 2142 construere
1755 2067 1816 2142 de-

1041 2167 1205 2243 creuisset
1228 2168 1242 2266 (
1262 2173 1384 2245 Leone
1403 2169 1603 2245 Marsicano
1624 2168 1707 2243 telle
1726 2167 1811 2245 Lib.

167 2267 348 2343 tulerunt.
397 2275 573 2346 Attamen
617 2272 821 2371 aspexissem
868 2299 935 2368 ego
966 2266 1004 2345 C
1042 2293 1078 2366 3.
1102 2267 1196 2370 Cap.
1221 2275 1282 2346 28.
1304 2268 1674 2346 Chronic.Cafineos.
1699 2271 1714 2368 )
1740 2297 1813 2342 crn-

166 2366 353 2456 lubenter,
392 2370 418 2445 sr
453 2385 596 2476 tempus
629 2373 750 2449 illaesa
777 2370 936 2465 linisset,

167 2470 326 2572 Templa
366 2475 537 2572 quaedam
581 2478 617 2551 δι
660 2474 730 2550 alia
772 2474 934 2550 aedilicia

167 2567 231 2645 sub
259 2573 415 2671 Regibus
441 2576 686 2675 Langobardis
711 2573 750 2651 ἃ
793 2575 935 2651 Francis

168 2670 391 2750 construbia.
434 2682 489 2753 Ut
528 2681 672 2753 Paullus
717 2676 934 2777 warnefridi

168 2773 281 2848 tradit
306 2776 391 2852 Lib.
411 2802 448 2872 ς.
472 2783 563 2878 Cap.
586 2805 647 2876 34
671 2778 805 2854 Hilior.
838 2782 934 2854 Lan-

167 2875 311 2974 gobard.
349 2880 547 2955 Rodelinda
585 2880 721 2980 Regina
758 2879 934 2952 Bertaridi

168 2978 485 3078 Langobardorum
514 2983 622 3079 Regis
647 2981 805 3079 conjux,
839 2978 935 3062 Bast-

169 3077 265 3149 licem
289 3079 427 3153 santiae
452 3084 515 3153 Dei
540 3082 712 3154 Genitricis
747 3102 838 3152 exeret
866 3106 934 3150 mu·

168 3203 217 3250 ror
243 3179 403 3254 Civitatis
428 3182 627 3270 Tirimufis,
651 3210 733 3281 qaae
754 3185 802 3257 ad
830 3183 936 3253 Perti·
971 3175 1009 3247 1>
1042 3175 1122 3253 sana
1143 3176 1417 3252 incredibilibus
1436 3175 1615 3277 expensis,

169 3306 223 3353 cus
246 3283 449 3376 appellatur,
482 3307 572 3380 opere
604 3284 752 3356 mirabili
764 3283 937 3364 condidit,

168 3381 416 3479 ornamentisque
440 3383 585 3475 mirificis
608 3383 791 3458 decorauit.
829 3381 937 3458 Lint-

169 3481 322 3579 prandus
368 3510 511 3584 quoque
557 3488 671 3575 Rex,
719 3484 776 3559 uti
818 3501 937 3559 namat

169 3581 266 3657 idem
292 3583 434 3660 Aul'ior
459 3586 542 3663 Lib.
565 3589 601 3662 6.
631 3590 723 3687 Cap.
745 3591 807 3682 58.
832 3588 868 3659 in
892 3594 936 3657 0·

166 3684 266 3758 lanua
284 3687 344 3776 [aa
364 3687 541 3783 probastio,
565 3691 647 3762 miro
667 3712 759 3781 opere
782 3691 819 3763 im
842 3691 934 3760 bano·

169 3809 234 3856 rem
258 3786 377 3859 sancis·
399 3790 574 3879 Anallesti
596 3792 787 3888 Martyrir,
812 3790 936 3877 Christo

168 3887 365 3959 domicilium
378 3890 520 3980 statuit,
556 3895 595 3965 in
617 3920 680 3992 quo
703 3895 750 3966 Φ·
773 3891 936 3979 Manasse-

1039 2370 1148 2445 ductis
1188 2371 1336 2463 protinus
1376 2373 1578 2470 peritiffimis.
1610 2368 1810 2464 Artificibus

1040 2495 1109 2546 tem
1132 2471 1351 2566 Amalfitanic
1387 2479 1484 2570 purim
1519 2476 1565 2547 θ
1588 2472 1808 2559 lumbardis.

1041 2572 1089 2653 (θ’
1111 2572 1213 2667 jussis
1239 2576 1275 2646 irr
1291 2626 1294 2631 -
1309 2575 1429 2662 Cbrilli
1454 2578 1578 2648 nomine
1611 2575 1808 2666 fndamen-

1040 2677 1084 2746 tis
1096 2723 1110 2757 ,
1148 2676 1248 2770 coepit
1284 2675 1425 2768 ejusdcm
1449 2677 1612 2761 Basiliam
1631 2677 1813 2768 fabricem.

1040 2774 1232 2876 Magnifici
1256 2777 1375 2875 operis
1411 2775 1689 2877 descriptionem
1721 2775 1812 2876 apud

1041 2875 1203 2951 eumdem
1229 2879 1390 2950 Leonem
1417 2877 1528 2953 uide.
1554 2877 1642 2953 Alia
1667 2903 1810 2978 quoquc

1042 2975 1166 3048 eodem
1203 2977 1331 3049 Seculo
1357 2979 1421 3048 xt.
1449 2974 1490 3052 ὅ(
1524 2975 1814 3074 subsequentibus

1041 3074 1169 3151 liruiia
1187 3073 1284 3151 fuere
1301 3073 1465 3151 aedilicia
1485 3075 1581 3150 sacra
1602 3094 1709 3252 atgpe
1725 3101 1812 3176 pro·
1936 3083 1939 3089 '
2022 3100 2028 3119 ·

1700 3203 1811 3252 murts

1043 3276 1433 3376 undequaquefirmis,
1458 3306 1479 3353 e
1501 3278 1634 3378 quibus
1655 3280 1811 3353 nonnul·

1043 3383 1078 3455 la
1105 3379 1309 3475 supersunt,
1331 3378 1493 3482 ingentia
1518 3379 1599 3454 sane
1621 3397 1730 3483 atque
1754 3405 1814 3454 or·

1043 3480 1221 3558 natiflima
1245 3509 1350 3581 opera
1366 3490 1390 3565 ,‘
1407 3480 1450 3556 ἃ
1474 3482 1644 3582 injuriam
1669 3503 1812 3585 tempo·

1043 3610 1123 3660 rum
1149 3581 1302 3660 minime
1325 3585 1465 3659 verita.
1490 3582 1703 3674 Praesertim
1727 3585 1814 3659 verb

1043 3685 1172 3787 dignae
1195 3684 1299 3778 sunt,
1318 3713 1417 3861 ἕως
1440 3684 1679 3795 inspiciantur
1699 3689 1813 3762 Arcen

1044 3786 1115 3862 saue
1141 3787 1285 3862 Roclrae
1385 3791 1521 3861 Turres
1552 3814 1675 3862 omnes
1702 3786 1811 3862 strtne

1046 3887 1121 3986 post
1136 3891 1302 3962 Seculum
1322 3892 1368 3960 X.
1385 3885 1503 3960 immo
1521 3886 1713 3986 pollecius,
1736 3885 1814 3964 ani·

171 3987 256 4059 tium
277 3991 381 4078 feeit.
413 3992 589 4071 Hominis
625 3993 852 4094 Langobardi
877 3993 936 4066 seu
1046 3989 1117 4063 mis
1142 3986 1266 4087 Regiis
1292 3985 1486 4079 conditae.
1510 3986 1553 4063 in
1577 3988 1709 4086 quibus
1734 4014 1814 4064 mu·

173 4087 311 4164 barbari
333 4093 451 4166 oculis
471 4097 556 4167 mire
578 4118 675 4190 opere
697 4121 740 4169 ea
764 4092 839 4168 visa
859 4090 936 4168 sue·
972 4079 1001 4150 Ε
1045 4114 1167 4164 rorum
1201 4113 1410 4190 compagem
1437 4089 1728 4191 ampliffimam,
1763 4087 1815 4165 as·

169 4186 280 4280 rint,
310 4190 487 4290 inquies.
516 4198 570 4269 Ut
601 4196 733 4286 lubet,
769 4193 934 4294 opinare.

171 4291 318 4367 Paullus
337 4315 458 4369 tamen
472 4300 614 4371 Rornae
629 4323 673 4370 ac
687 4295 779 4371 alibi
802 4301 933 4371 Roma-

169 4416 297 4468 norum
314 4393 479 4473 aedilicia
497 4397 688 4491 illustriora
699 4397 811 4474 etiam
837 4396 933 4494 aspe-

169 4495 290 4578 xerit.
306 4498 360 4573 ital
377 4518 423 4575 ut
446 4499 605 4598 judicare
625 4527 699 4576 non
719 4501 756 4575 ei
784 4498 935 4575 difficile

169 4591 286 4686 soret,
311 4624 398 4671 num
422 4600 691 4702 Langobardica
712 4600 758 4677 ad
783 4602 929 4680 illorum

171 4697 473 4793 comparationem
497 4702 670 4778 deformia
701 4722 929 4802 apparerent.
962 4760 965 4764 -

168 4796 636 4899 Cbrooogrepbus'quoque
661 4803 930 4886 vulturnensis,
961 4814 968 4874 .'

171 4900 270 4981 Part.
290 4906 342 5023 ll.
364 4900 479 4978 Tomi
506 4903 541 4982 I.
565 4909 648 4984 Rer.
671 4904 830 4983 Italicae.
852 4933 933 5008 pag.
961 4908 969 4959 -’

1047 4187 1234 4266 fluentiam
1253 4226 1256 4230 >
1272 4217 1524 4277 marmorum,
1561 4193 1810 4290 proceritatem

1047 4319 1091 4368 ac
1113 4290 1344 4369 stabilitatem
1368 4292 1520 4369 sabrinae
1548 4291 1709 4368 mireris.
1739 4296 1811 4364 Ve-

1049 4397 1129 4472 rium
1154 4392 1281 4472 cantia
1305 4392 1393 4468 baec
1421 4391 1813 4488 barbarierntzsapiun-t.

1048 4494 1100 4572 ita
1115 4516 1158 4572 ut
1173 4502 1355 4572 Romanae
1366 4493 1638 4570 Architeiiurae
1652 4490 1812 4568 studiosis

1049 4599 1111 4675 rel
1138 4595 1254 4696 ipsum
1285 4591 1672 4695 magnificentissimum
1699 4596 1817 4671 Tem·
1905 4678 1908 4685 ¹

1051 4701 1153 4797 plum
1163 4696 1363 4775 maximum
1376 4696 1816 4773 CiuitatisMediolanen·
1952 4768 1957 4779 ,

1051 4798 1118 4889 lin.
1137 4799 1181 4876 bt
1203 4798 1328 4879 sanni
1349 4799 1472 4883 Marci
1495 4799 1729 4876 venetiarum
1740 4857 1755 4889 ,,
1776 4800 1816 4872 dt

1050 4901 1253 4982 Ticinenfis
1273 4899 1483 4990 Cartbusra,
1504 4919 1617 5004 atoue
1636 4902 1817 5102 opifici-m·
