4216 6014
394 312 482 423 '347
661 291 1652 425 narrarinncnrtnarr
1734 268 1735 271 Ὗ
1831 311 1913 423 34t

333 439 426 519 ptum
454 420 670 515 inveniatttt,
706 420 772 508 nist
803 422 1021 519 resipiscendo
1049 420 1103 517 sn-
1128 411 1175 494 'A

334 530 473 595 cornelione
509 525 704 607 Dominum,
739 531 785 596 Ο·
818 529 938 615 nosltae
972 528 1101 616 instita·

333 624 430 696 tionis
457 626 637 716 Edictum,
665 627 826 717 startibtrt
847 632 1002 719 prelibata
1026 640 1101 705 Kn-

333 734 443 798 nom'ce
467 756 587 798 omnem
611 729 859 800 emendationem
879 732 1013 823 fecerit.

385 831 523 903 Faciam
547 830 591 916 esl
610 830 664 899 boc
683 828 857 920 firmitatis
876 832 993 926 robur,
1019 843 1098 908 An-

334 957 375 1003 tto
402 931 521 1003 Domni
546 931 696 1024 Hogonit
716 932 853 1028 piisimi
869 938 974 1031 Regis
992 942 1099 1010 XVss.

334 1035 381 1103 <9-
406 1031 573 1101 Hlorltarii
598 1038 704 1129 Regis
721 1032 798 1124 silii
821 1033 890 1123 esus
917 1044 1011 1113 Xlll.
1038 1066 1099 1108 ron-

331 1135 453 1205 clecimo
478 1135 648 1205 Kalendas
665 1135 793 1225 thnii,
818 1138 999 1213 Indislione
1024 1141 1100 1213 Pti-

334 1261 412 1324 tna,
436 1237 585 1308 Ciuitate
603 1236 709 1332 Regio
726 1237 884 1327 feliciter,
910 1251 1014 1316 Anno
1032 1248 1100 1315 Do·

1183 442 1307 497 ttttttc
1344 418 1461 506 sicia,
1502 425 1559 498 nel
1592 425 1688 518 ,Secia
1720 423 1792 512 ess,
1831 422 1973 524 vulgari

1212 522 1371 599 sermone
1390 526 1544 599 Scarbia:
1568 525 1631 624 qui
1656 526 1848 618 Scultenna,
1875 551 1975 601 nuno

1211 627 1393 710 Panotios,
1428 629 1487 702 vel
1524 628 1649 702 Italice
1675 634 1822 708 Panare,
1857 626 1896 703 δι
1932 627 1977 702 itt

1211 725 1359 804 inferaci
1388 747 1485 827 parte
1511 731 1650 803 Canalit
1676 728 1830 799 Mutinae
1855 730 1977 823 appel-

1211 831 1324 905 latur.
1351 827 1451 912 Cur,
1482 831 1517 903 ἃ
1546 830 1687 929 quando
1712 827 1883 902 acciderit
1908 826 1974 902 hu·

1212 930 1363 1030 jusmodi
1390 931 1577 1007 nominum
1605 928 1781 1036 mutatio,
1814 927 1894 1027 quis
1919 928 1975 1003 di·

1212 1032 1334 1108 vinare
1360 1030 1491 1132 queat?
1528 1034 1586 1106 Ad
1622 1034 1741 1106 siclam
1768 1031 1863 1118 quod
1889 1030 1974 1104 atti-

1211 1151 1295 1225 net,
1330 1161 1420 1209 unus
1446 1133 1493 1206 esl
1530 1135 1690 1220 Plinius,
1726 1134 1789 1229 qui
1825 1131 1909 1206 Lib.
1938 1155 1972 1228 3.

1212 1237 1300 1330 Cap.
1340 1239 1398 1309 16.
1435 1235 1567 1310 Histor.
1605 1236 1767 1308 Natural.
1808 1234 1869 1306 ubi
1908 1229 1974 1306 flu·

336 1340 472 1408 minicae
497 1339 733 1412 incarnationis
760 1345 1037 1414 Dccccxtttt.
1143 1334 1172 1404 B
1216 1331 1293 1406 vioe
1328 1333 1367 1406 in
1397 1339 1527 1410 Padum
1565 1335 1752 1410 influentes
1787 1333 1978 1424 describit,

385 1443 433 1530 ele
458 1439 640 1511 Eribaldttt
665 1440 840 1529 Episcopus
863 1442 945 1514 banc
965 1440 1101 1534 scripttt·

341 1594 345 1603 .
488 1567 558 1611 rant
583 1570 607 1612 a
629 1567 681 1610 me
702 1539 820 1612 libenti
843 1539 951 1613 animo
976 1540 1101 1634 sallom

490 1641 618 1734 propria
643 1666 741 1713 manto
765 1643 932 1718 roboravi.

389 1743 435 1832 tlt
455 1745 528 1835 Ego
541 1741 721 1832 Adelgisus
738 1743 902 1818 Ptetbitet
918 1771 1016 1819 mann
1033 1770 1102 1818 ntea

492 1841 658 1934 subscripsi
669 1896 682 1918 .

389 1945 436 2032 ἧι
463 1947 537 2035 Ego
563 1943 665 2014 Milic
697 1949 860 2022 Pretbiter
892 1975 989 2021 manto
1014 1976 1101 2021 mea.

386 2047 433 2132 ᾧ
464 2049 538 2137 Ego
560 2046 722 2140 snzelotttt
739 2051 903 2122 Presbitec
914 2047 1101 2144 subscripsi.

1214 1433 1277 1508 hos
1297 1435 1406 1510 etiam
1426 1437 1590 1513 nominat
1608 1439 1758 1513 Niciam,
1784 1434 1979 1521 Gabellnm,

1211 1537 1436 1612 Scultennam.
1478 1541 1605 1613 Versum
1642 1537 1682 1610 in
1719 1534 1831 1608 Plinii
1866 1532 1979 1607 editis

1212 1635 1333 1710 Libris
1359 1640 1490 1710 multas
1518 1638 1683 1712 babemus
1709 1633 1831 1708 dubias
1851 1633 1981 1732 depra-

1213 1735 1377 1834 vatesque
1418 1737 1619 1818 sessiones,
1660 1737 1754 1834 quod
1795 1734 1865 1806 rari
1906 1731 1981 1808 sont

1213 1835 1402 1934 Scriptoris
1424 1837 1528 1936 bujua
1553 1833 1773 1911 vetustissimi
1795 1831 1979 1934 Codices3

1214 1937 1265 2009 ita
1292 1956 1330 2009 ut
1358 1933 1681 2010 stne'haesttatione
1708 1934 1842 2029 semper
1876 1931 1980 2009 illiue

1215 2035 1433 2111 editionibus
1449 2033 1556 2112 sidere
1566 2033 1717 2110 minime
1732 2031 1861 2107 licelt.
1877 2030 1977 2128 Quid

387 2148 434 2236 tlt
471 2149 544 2241 Ego
584 2148 777 2220 Ellebertnc
812 2151 977 2226 Presbirer
1008 2176 1105 2224 mano
1211 2136 1463 2237 ficorruptum
1490 2137 1581 2213 soret
1599 2135 1730 2210 Gabelli
1746 2159 1899 2215 nomen,
1923 2132 1978 2210 uti

494 2273 565 2319 mea
581 2244 778 2344 subscripsi.

387 2351 436 2442 ᾖ
471 2352 548 2445 Ego
581 2349 777 2439 Garipertoc
813 2353 979 2428 Presbiter
1008 2380 1106 2428 manto

492 2477 565 2520 mea
581 2450 775 2547 subscripsi.

391 2553 439 2642 a}
472 2555 546 2645 Ego
580 2553 787 2627 Petrenacint
818 2556 979 2629 Pretbiter
1011 2582 1108 2628 mano

494 2677 567 2723 mea
583 2651 777 2748 subscripsi.

392 2753 440 2842 a}
474 2754 549 2844 Ego
587 2751 776 2843 Wrmarcsut
814 2756 976 2829 Presbitcr
1011 2782 1108 2828 ntann

496 2876 566 2924 ntea
588 2850 775 2944 subscrips.

394 2955 442 3044 ᾧ
466 2957 543 3048 Ego
566 2956 789 3045 Taudepettnt
821 2959 985 3032 Ptctbitet·
1011 2984 1108 3031 mann

494 3081 565 3127 ntea
583 3053 777 3151 subscripsi.

395 3158 442 3248 tIt
477 3160 553 3253 Ego
586 3161 774 3232 Watrtetitrc
812 3163 977 3236 Diaconos
1012 3190 1110 3236 mann
1152 3148 1182 3216 Β

495 3285 565 3332 ntea
588 3258 778 3352 subscripsi.

391 3362 439 3451 tlt
473 3365 547 3457 Ego
581 3363 771 3435 Rettdoinnt
810 3365 976 3438 Diaconos
1011 3394 1110 3440 manto

443 3488 515 3531 ntea
531 3460 725 3553 subscripsi.

393 3561 441 3648 οξ»
466 3565 540 3652 Eg·
563 3561 800 3647 Ergelntnndnt
815 3569 850 3652 J
849 3565 932 3636 odere
950 3568 993 3634 de
1014 3592 1105 3636 mnn-

493 3660 573 3728 dato
595 3665 724 3752 Regum
757 3683 883 3757 rogatur
915 3662 1106 3757 subscripsi.

393 3755 460 3830 Sed
487 3755 597 3832 nimia
623 3763 736 3836 multa
763 3759 866 3855 sunt,
892 3791 983 3853 quae
1008 3787 1106 3840 tene·

342 3857 416 3934 brit
449 3857 598 3957 obsepsit
632 3865 850 3961 antiquitas.
887 3873 973 3944 Non
1007 3868 1103 3942 enim

341 3965 593 4048 tantummodo
627 3965 788 4043 locorum
824 3966 935 4047 facies
963 3989 1108 4070 propter

340 4060 457 4154 bella,
492 4062 680 4144 incendia,
714 4069 987 4151 inundationes.
1015 4072 1105 4148 ulia·
1148 4049 1177 4119 E

341 4162 428 4263 sque
464 4164 698 4240 humanarum
738 4196 854 4243 rerum
891 4173 1107 4250 vicissitudi-

341 4293 431 4352 nes,
457 4286 594 4344 munta
617 4266 694 4353 ess,
719 4267 776 4342 sed
802 4269 899 4363 ipsae
923 4303 977 4350 res
1002 4275 1104 4348 ssabi.

339 4371 394 4446 lec
419 4393 527 4470 atque
561 4375 729 4473 perennes
766 4368 913 4447 sublatis
946 4375 1108 4472 antiquis

341 4475 552 4549 nominibus
573 4501 667 4549 nora
691 4473 903 4550 induerunt.
931 4477 1105 4551 Domesli·

341 4575 846 4752 ecntttr‘tlr
869 4575 1110 4752 risu

347 4792 422 4843 non
447 4703 662 4871 igmbitiss
674 4706 1108 4876 Anrtnsbitiniimenuissif

345 4877 493 4952 tenuati
521 4873 686 4974 ignotos,
721 4881 934 4958 Mutinensis
965 4882 1110 4957 Civitas

341 4973 469 5077 sacer.
509 4980 643 5055 verum
682 4978 748 5080 qui
785 4981 876 5060 olim
915 4984 1111 5068 Gabellus,

1144 2240 1175 2309 C
1216 2241 1339 2338 procul
1369 2238 1479 2316 dubio
1506 2241 1552 2316 cll
1578 2241 1613 2313 8(
1640 2230 1792 2313 alterum
1819 2235 1978 2312 Niciam-³.

1216 2339 1420 2442 Legendum
1442 2342 1538 2417 enim
1558 2340 1605 2417 cll
1631 2341 1772 2420 lnciam‚
1799 2335 1895 2434 quod
1910 2363 1977 2411 no·

1216 2469 1296 2517 men
1315 2441 1427 2519 adbuc
1450 2445 1582 2519 retinet
1608 2439 1739 2515 fluvius
1758 2445 1880 2533 Enna,
1906 2442 1976 2514 Re·

1215 2542 1349 2646 gienscs
1389 2573 1409 2620 a
1451 2542 1691 2620 Parmenstbus
1733 2538 1975 2619 disterminant

1218 2646 1399 2720 nonnullis
1443 2645 1480 2720 in
1523 2646 1636 2720 locis.
1676 2641 1787 2721 Certe
1826 2640 1976 2717 caussam

1216 2744 1402 2822 dubitandi
1429 2747 1520 2822 mihi
1558 2745 1718 2844 praebuit
1742 2739 1887 2839 antiqua
1915 2744 1977 2814 sn·

1217 2847 1385 2939 scriptio,
1413 2848 1532 2948 magni
1559 2845 1744 2937 facienda,
1777 2867 1884 2940 quam
1911 2840 1976 2915 lta·

1217 2949 1338 3023 &enus
1364 2950 1497 3025 editam
1525 2976 1596 3024 non
1623 2946 1729 3040 vidi,
1768 2941 1877 3045 posita
1901 2947 1979 3018 Va·

1218 3053 1353 3127 seriano
1395 3050 1573 3150 Augusto,
1611 3048 1756 3150 ejusque
1792 3038 1983 3146 Collegit,

1218 3157 1328 3227 Anno
1353 3153 1484 3229 christi
1511 3156 1678 3231 CCLIX.
1715 3174 1786 3250 quo
1820 3164 1984 3244 tempore

1219 3262 1301 3326 Pons
1339 3258 1444 3329 Seclae
1479 3258 1536 3330 ves
1577 3256 1709 3328 teactae
1742 3246 1981 3353 Augustorum

1218 3355 1439 3457 indulgentia
1474 3354 1653 3433 restiturus
1689 3353 1790 3431 suit.
1832 3350 1983 3427 fulvius

1219 3461 1393 3534 Anzarius
1429 3460 1485 3533 vir
1518 3455 1736 3533 doltiffimus
1762 3452 1802 3529 dc
1828 3452 1982 3557 diligen-

1219 3559 1371 3635 tissimus
1389 3563 1426 3635 in
1447 3561 1578 3637 Histoe.
1607 3555 1788 3660 Regienfi2
1815 3569 1899 3627 ante
1915 3577 1980 3625 an·

1219 3687 1283 3734 nos
1308 3683 1450 3737 centum
1478 3663 1630 3763 scripta,
1663 3658 1823 3738 eamdem
1848 3650 1981 3728 Inscri-

1219 3762 1378 3855 ptionem
1415 3764 1547 3849 refert,
1581 3761 1766 3862 inquient,
1802 3751 1980 3832 adlevari

1218 3863 1312 3938 hunc
1337 3867 1490 3963 lapidem
1511 3865 1553 3939 ad
1580 3862 1697 3941 metti
1722 3854 1876 3935 Faustini
1896 3858 1982 3930 Ple-

1218 3966 1297 4040 bem
1325 3967 1363 4040 in
1391 3995 1475 4067 apro
1502 3961 1744 4053 Herberienst,
1776 3959 1848 4035 stoc
1872 3957 1920 4033 esl
1943 3955 1984 4031 di

1218 4067 1387 4145 Rubieta.
1424 4073 1482 4144 Ne
1517 4070 1622 4145 mille
1652 4066 1795 4166 quidem
1823 4059 1932 4162 passus
1958 4085 1983 4136 a

1218 4168 1367 4247 flumine
1391 4171 1489 4246 Sccla
1525 4173 1556 4247 it
1590 4173 1693 4249 locus
1714 4165 1839 4252 dislat,
1871 4179 1983 4258 atque

1218 4273 1308 4346 illuc
1339 4300 1408 4372 ego
1442 4271 1514 4374 ipsc
1539 4271 1631 4348 olim
1666 4265 1841 4371 prosebluc
1872 4260 1983 4381 sum,

1219 4371 1416 4462 cupiditate
1459 4374 1634 4451 duntaxat
1668 4369 1819 4450 dubius,
1852 4361 1986 4477 Insert-

1220 4473 1380 4569 ptioncm
1407 4477 1501 4551 banc.
1524 4476 1613 4551 meis
1639 4473 1759 4549 oculis
1782 4463 1922 4568 legendo
1943 4489 1985 4541 ae

1219 4573 1457 4652 describendi.
1485 4578 1552 4653 Sed<
1578 4575 1651 4654 sire
1674 4572 1767 4675 sapit
1800 4567 1887 4645 inde
1910 4563 1985 4643 alib

1221 4674 1330 4751 suerit
1357 4678 1489 4755 'amdiu
1513 4679 1732 4776 asportatur,
1758 4672 1832 4751 live
1853 4668 1897 4747 itt
1921 4693 1986 4749 no·

1221 4776 1279 4851 tis
1304 4706 1447 4856 cedibus
1474 4782 1698 4879 consepultus
1726 4777 1862 4877 jarem
1889 4768 1987 4869 spen

1222 4896 1330 4977 atque
1343 4882 1644 4978 exspellationem
1662 4906 1782 4956 meant
1801 4876 1988 4971 deceptam

1221 4980 1344 5059 dolui.
1360 4987 1416 5065 En
1433 4983 1706 5086 inscriptionem
1722 4981 1859 5083 ipsimi,
1872 4995 1985 5150 ppassim
