4216 6014
305 323 389 422 673
582 304 950 395 orssmrnrro
995 299 1553 419 usurpatumusu·
1743 317 1829 419 ⁶74

241 454 392 499 uocare.
420 428 562 499 Summa
592 425 669 500 sane
698 425 768 500 fuit
795 429 938 500 Graecis
966 423 1005 497 in
1050 431 1085 502 A
1123 449 1162 494 ca
1193 443 1351 496 veterum
1390 424 1612 496 membranae
1648 425 1808 497 serrant.
1846 419 1890 496 In
1947 410 1954 434 ¹

239 527 393 601 Musiris
417 525 668 608 conficiendis,
698 531 754 602 vei
782 530 825 601 ab
853 526 925 626 ipsa
951 553 1005 600 re·

240 648 340 704 mota
367 630 582 727 antiquitate
618 631 765 728 peritia.
801 629 1004 704 Constanti-

239 730 367 830 nopoli
404 757 545 829 quoque
572 731 634 804 vix
665 734 736 805 ulla
767 751 866 806 erant
893 733 1004 804 Tem-

240 835 301 933 pla
339 850 399 907 aut
435 838 551 930 Opera
590 834 762 933 publica,
800 834 838 906 in
876 832 1004 930 quibus

239 932 374 1010 Musrvi
403 934 515 1034 aliqui
543 961 614 1007 non
642 956 859 1010 occurreret.
890 939 1003 1028 Repu·

240 1062 346 1135 gnare
373 1037 481 1110 etiam
514 1037 628 1109 nolim
656 1038 819 1110 Manueli
847 1033 1004 1128 Chryso-

241 1142 360 1223 lorae‚
385 1137 446 1232 qui
474 1137 617 1212 circiter
641 1141 787 1211 Annum
816 1141 1004 1211 MCCCC.

239 1238 279 1311 in
307 1238 460 1336 Epistola
493 1240 535 1312 de
572 1242 836 1338 comparatione
866 1238 1004 1310 Veteris

1124 523 1349 597 Bibliotheca
1384 523 1529 624 insignis
1565 521 1732 623 Capituli
1767 531 1889 601 Cano-

1122 624 1285 698 nicorum
1309 625 1520 699 Lucensrum
1545 629 1649 701 Arm.
1674 631 1703 702 1.
1727 629 1818 703 Cod.
1843 632 1888 705 L.

1123 726 1325 801 adservatur
1354 727 1615 825 antiquissimus
1642 730 1792 824 Codex,
1828 757 1891 804 an·

1124 848 1159 903 te
1186 856 1295 903 annos
1331 827 1402 903 sere
1424 851 1636 930 nongentos
1673 860 1779 907 manu
1806 861 1891 908 exa-

1123 950 1252 1012 ratus,
1289 957 1393 1029 quem
1432 958 1511 1028 prae
1549 935 1710 1009 manibus
1747 935 1886 1038 habui;

1123 1033 1246 1107 habuit
1275 1037 1309 1106 &
1339 1051 1419 1107 ante
1455 1059 1511 1107 me
1541 1034 1685 1108 Clariss.
1713 1037 1889 1112 Mabislo-

1121 1139 1226 1217 nius,
1262 1135 1325 1232 qui
1354 1155 1504 1209 aetatem
1532 1138 1632 1238 ejus,
1670 1166 1782 1237 neque
1818 1139 1888 1212 im-

1121 1240 1277 1329 meritb,
1320 1238 1445 1311 retulit
1488 1237 1529 1311 ad
1567 1257 1725 1337 tempora
1762 1242 1886 1316 Caroli

238 1336 279 1414 &
309 1343 434 1414 Novae
465 1344 597 1413 Romae
627 1339 787 1438 scripsit,
815 1367 834 1412 a
862 1339 1005 1412 Graecis
1047 1353 1074 1422 Β
1121 1337 1268 1436 Magni.
1298 1342 1352 1414 Ibi
1381 1338 1474 1412 inter
1501 1356 1614 1412 cetera
1643 1341 1789 1416 habetur
1815 1349 1888 1414 Eu-

240 1440 452 1535 Byzantinis
477 1438 707 1514 Musrrariam
735 1447 861 1514 Artem
888 1441 926 1512 in
951 1466 1004 1512 re-

240 1542 358 1642 liquas
378 1547 538 1640 Europae
576 1543 778 1642 provincias
813 1542 1003 1616 emanasse.

240 1648 359 1733 Nam,
387 1661 427 1717 ut
454 1644 632 1733 vidimus,
663 1642 857 1718 Defiderius
881 1647 1002 1717 Abbas

152 1806 157 1813 .
239 1750 367 1819 Seculo
401 1743 535 1820 Christi
575 1749 635 1819 xt.
675 1749 802 1819 Artem
839 1744 929 1818 hanc
965 1747 1000 1817 in

242 1847 348 1919 Italia
377 1848 434 1918 vel
464 1847 675 1944 depressam,
699 1848 761 1918 uel
799 1870 905 1945 paene
942 1872 1002 1918 an-

241 1948 445 2046 tiquatam,
481 1947 664 2021 revocavit
696 1973 716 2020 e
743 1946 916 2021 Graecia.
953 1953 1005 2019 At

240 2050 376 2123 Seculis
414 2048 699 2148 praecedentibus
725 2045 795 2121 suit
831 2048 915 2121 haec
946 2047 1005 2120 isia

240 2152 385 2225 Latinis
414 2153 521 2224 etiam
560 2147 771 2239 familiaris,
808 2147 847 2222 ἃ
885 2149 1003 2248 passim

1114 1438 1199 1528 sebit
1219 1446 1247 1510 C
1249 1442 1391 1510 broniean
1408 1439 1454 1519 (J
1471 1443 1637 1526 Historia:
1657 1445 1770 1530 Isidori
1788 1446 1889 1516 Cluu-

1121 1541 1237 1629 nicun,
1274 1540 1320 1618 Θ
1358 1541 1457 1611 Liber
1484 1540 1693 1632 officiorum:
1729 1548 1888 1638 Hierony·
2007 1616 2009 1621 .

1121 1668 1190 1711 mus
1216 1640 1262 1718 tif
1288 1642 1476 1713 Gennadius
1511 1647 1550 1711 de
1584 1647 1795 1742 scriptoribus
1822 1656 1887 1720 Er-

1120 1742 1294 1829 elelialiicis
1308 1769 1324 1812 .·
1359 1747 1457 1816 Liber
1493 1747 1533 1814 de
1566 1745 1663 1841 gestis
1695 1750 1887 1839 summorum

1120 1843 1332 1936 Pontificum,
1369 1843 1522 1919 definens
1559 1848 1596 1919 in
1635 1850 1820 1925 Hadriano
1857 1857 1886 1928 s.

1122 1951 1207 2019 Sunt
1230 1945 1310 2019 illic
1334 1949 1368 2018 &
1392 1950 1483 2020 alia.
1509 1949 1573 2021 Sed
1597 1977 1704 2024 unum
1732 1981 1797 2054 ego
1824 1955 1885 2028 de-

1120 2045 1248 2146 cerpsi,
1278 2074 1404 2143 nempe
1430 2051 1671 2146 Compostn'ones
1697 2058 1812 2129 varias
1842 2058 1884 2131 ad

1121 2148 1286 2246 tingendo
1333 2151 1494 2233 Mufiva,
1542 2154 1583 2226 ad
1624 2156 1884 2230 conficiendam

240 2252 286 2325 ab
308 2253 408 2326 stalis
424 2251 605 2351 usurpata:
628 2250 723 2350 quod
743 2252 905 2350 exempla
925 2279 1006 2350 pro·
1045 2253 1078 2330 C
1118 2250 1438 2345 Chrysograpbiam,
1474 2252 1544 2326 sive
1585 2255 1627 2329 ad
1664 2256 1884 2332 scribendum

239 2353 345 2426 dusia
372 2354 606 2428 confirmant.

292 2458 425 2529 Verium
463 2483 526 2529 nos
564 2456 664 2555 (jam
703 2477 821 2555 aperte
856 2454 1004 2546 dicam,

237 2557 333 2656 quod
360 2557 499 2657 sentio)
524 2584 588 2630 nos
613 2559 759 2655 inquam
784 2584 828 2631 ex
854 2558 1003 2632 Artibus

239 2658 352 2732 nostra
378 2677 492 2733 aetate
516 2659 730 2732 mirabiliter
752 2657 1003 2756 amplificatis,

237 2757 278 2834 &
317 2779 373 2832 tot
407 2759 626 2833 ornamentis
663 2757 839 2858 praediti,
875 2759 1002 2854 quibus

237 2862 404 2935 omnibus
431 2860 589 2960 Majores
625 2859 732 2933 nostri
759 2857 903 2932 caruisse
929 2886 1001 2933 cre·

238 2962 395 3043 duntur,
424 2961 582 3060 superbia
608 2960 719 3048 elati,
757 2984 864 3056 paene
891 2958 937 3029 est
964 2977 1002 3030 ut

238 3066 362 3137 Secula
389 3064 475 3142 iila,
512 3059 626 3136 veluti
653 3058 754 3133 omni
780 3058 1002 3133 humanitate

1119 2378 1198 2424 cum
1226 2351 1312 2424 auro
1338 2353 1504 2450 liquido,
1537 2355 1678 2455 asiaque
1704 2358 1883 2459 hujusmo-

1118 2453 1155 2526 di
1183 2452 1378 2552 sragmenta
1405 2455 1551 2530 Artium
1581 2457 1620 2532 ἃ
1650 2457 1884 2546 secretorum,

1114 2574 1158 2657 ut
1187 2576 1337 2637 uocant,
1365 2558 1480 2633 Seeuli
1503 2563 1603 2633 VIII.
1630 2566 1803 2661 equibus
1830 2594 1884 2639 re-

1118 2655 1175 2728 ἃς
1202 2657 1393 2754 conjicias,
1430 2679 1588 2756 tempora
1625 2663 1689 2736 illa
1726 2693 1796 2738 non
1825 2687 1883 2740 tot

1118 2757 1273 2859 tenebris
1297 2757 1461 2833 inuoluta
1487 2759 1607 2845 fuisse,
1632 2784 1721 2860 quot
1746 2794 1809 2842 nos
1836 2771 1884 2842 li-

1119 2855 1329 2929 beralissime
1369 2857 1583 2956 opinamur.
1626 2870 1724 2942 Ante
1765 2890 1883 2944 tamen

1119 2955 1307 3029 Lesiorem
1337 2958 1514 3032 monitum
1543 2965 1650 3052 volo,
1687 2987 1763 3041 turn
1801 2999 1883 3068 pm.

1119 3075 1195 3156 pter
1233 3056 1472 3131 cha'rabierum
1514 3062 1687 3158 implexas
1725 3068 1881 3154 formas,

236 3191 277 3239 ac
316 3163 465 3264 ingenio
500 3161 662 3236 destituta
701 3180 933 3262 reputemus,
967 3163 1001 3234 8(
1044 3170 1079 3239 D
1117 3178 1193 3232 tum
1222 3159 1329 3232 etiam
1357 3166 1404 3232 ob
1440 3165 1636 3260 peregrinas
1665 3193 1767 3244 uoces
1801 3172 1881 3247 illic

240 3264 345 3339 flocci
367 3265 556 3337 faciamus.
584 3264 647 3335 Sed
669 3289 739 3333 non
760 3281 834 3335 erat
854 3289 898 3336 ne
918 3280 1002 3334 tunc
1116 3280 1364 3340 occurrentes,
1403 3260 1457 3333 sed
1487 3267 1671 3362 praecipue
1697 3272 1743 3343 ob
1780 3275 1883 3348 inm.

238 3367 382 3464 quidem
411 3383 509 3436 tanta
546 3389 682 3434 morum
712 3360 1001 3462 &ingeniorum
1118 3362 1205 3435 riam
1241 3388 1282 3435 ac
1325 3361 1504 3436 inscitiam
1543 3368 1776 3466 antiquissimi
1815 3377 1883 3450 Li-

238 3467 458 3541 infelicitas.
496 3469 541 3536 Et
578 3491 622 3539 ne
655 3463 734 3562 quis
761 3464 922 3553 dubitet,
959 3491 1001 3536 an
1119 3462 1252 3553 brarii,
1277 3467 1391 3539 multa
1410 3466 1475 3540 esse
1495 3466 1623 3543 vitiata
1648 3473 1686 3544 in
1710 3475 1786 3575 ipso
1806 3481 1883 3552 Lu-

238 3567 443 3651 Mulivnrum
471 3569 597 3639 Artem
627 3592 710 3665 gens
736 3566 825 3639 olim
855 3563 1002 3646 Italica,
1070 3606 1075 3665 3
1119 3563 1205 3636 censi
1243 3565 1405 3657 Codice,
1446 3595 1486 3640 ac
1527 3592 1709 3669 propterea
1747 3581 1882 3653 mendis

235 3670 352 3744 vetuti
375 3696 446 3742 rem
473 3668 567 3742 suam
596 3668 770 3748 tenuerit.
794 3693 1001 3740 monumen·
1119 3692 1190 3737 nnn
1232 3693 1346 3744 carere
1386 3675 1617 3770 exemplum,
1654 3679 1750 3774 quod
1790 3707 1883 3756 nunc

236 3787 315 3845 tum
345 3770 541 3871 proferam,
569 3770 628 3845 cui
654 3767 783 3844 fimilia
808 3771 894 3843 bene
918 3796 1003 3869 pau·
1119 3766 1283 3868 profero.

268 3990 587 4108 compositiones
616 3995 662 4078 ad
697 3994 883 4103 cingentia
917 3992 1094 4095 Musica,
1126 3989 1274 4097 Pelles,
1305 3994 1341 4076 δε
1374 3991 1478 4107 alia,
1507 3997 1554 4084 ad
1587 4001 1852 4092 deaurandum

416 4107 592 4219 serrum,
622 4111 669 4192 ad
708 4111 945 4217 Mineralia,
975 4118 1023 4196 ad
1056 4109 1440 4223 chrysographiam,
1471 4117 1518 4202 ad
1551 4118 1705 4229 glutina

514 4226 708 4343 quaedam
730 4227 993 4334 conficienda,
1013 4229 1169 4343 aliaque
1188 4229 1333 4314 artium
1353 4231 1613 4345 documenta,

702 4371 795 4433 ante
827 4353 967 4434 Annos
999 4371 1217 4462 nongentos
1248 4345 1406 4464 scripta.

222 4616 227 4681 3
295 4584 352 4656 De
377 4578 669 4658 tisiioomniunr
696 4579 939 4657 Musrvorum.
1039 4587 1081 4687 E,
1111 4593 1147 4664 ᾇ
1191 4585 1234 4654 ss.
1271 4586 1321 4653 Er
1355 4583 1446 4654 mirre
1479 4583 1514 4657 iu
1547 4588 1626 4681 vaso
1661 4589 1740 4665 urbo
1774 4596 1881 4690 resse,

1103 4682 1260 4777 sufferens
1287 4685 1418 4780 ignem,
1454 4685 1502 4765 &
1528 4696 1696 4787 decoquens
1716 4696 1881 4785 inferiora

510 4875 518 4889 ἡ
1105 4784 1233 4875 fornace
1269 4785 1428 4878 Virriarr',
1465 4791 1518 4862 die
1548 4799 1603 4864 Vs.
1631 4799 1678 4867 Et
1705 4799 1774 4892 post
1806 4802 1881 4870 baec

223 4908 227 4913 ·
361 4885 449 4956 Virri
472 4889 513 4957 de
538 4889 652 4958 mundo
676 4893 718 4958 de
745 4885 853 4980 Maffia
881 4891 998 4960 Libras
1108 4886 1193 4968 eice,
1223 4887 1267 4956 (θ’
1292 4887 1473 4985 confrangis
1499 4894 1711 4984 minutarim,
1742 4896 1789 4976 ό*
1815 4898 1876 4968 irr-

118 4963 150 5041 Γ,
166 5070 180 5089 4
224 4991 265 5063 V.
303 4990 464 5060 limatura
488 4988 663 5058 aeramenti
687 4989 802 5082 absque
832 4991 996 5079 plumbum
1108 4989 1353 5155 rumvconflas;
1380 4993 1514 5076 Prastuo
1539 4998 1685 5089 tinguet.

336 5097 426 5164 rou.
451 5093 510 5163 m.
1233 5111 1256 5156 v
1767 5100 1822 5174 De

338 4782 417 4856 s‘iiu
454 4784 592 4856 omnium
629 4785 830 4870 Mustuorum
870 4785 1000 4869 Prafini
