<?xml version="1.0" encoding="UTF-8"?>
<!DOCTYPE html PUBLIC "-//W3C//DTD XHTML 1.0 Transitional//EN"
    "http://www.w3.org/TR/xhtml1/DTD/xhtml1-transitional.dtd">
<html xmlns="http://www.w3.org/1999/xhtml" xml:lang="en" lang="en">
 <head>
  <title>
</title>
<meta http-equiv="Content-Type" content="text/html;charset=utf-8" />
  <meta name='ocr-system' content='tesseract 3.04.00' />
  <meta name='ocr-capabilities' content='ocr_page ocr_carea ocr_par ocr_line ocrx_word'/>
</head>
<body>
  <div class='ocr_page' id='page_1' title='image "./antiquitatesita01muragoog_0195.png"; bbox 0 0 4216 6014; ppageno 0'>
   <div class='ocr_carea' id='block_1_1' title="bbox 191 295 1872 534">
    <p class='ocr_par' dir='ltr' id='par_1_1' title="bbox 191 295 1872 534">
     <span class='ocr_line' id='line_1_1' title="bbox 191 295 1854 443; baseline 0.005 -46"><span class='ocrx_word' id='word_1_1' title='bbox 191 357 192 361; x_wconf 33' lang='lat'>¹</span> <span class='ocrx_word' id='word_1_2' title='bbox 299 339 380 426; x_wconf 83' lang='lat'>37¹</span> <span class='ocrx_word' id='word_1_3' title='bbox 597 295 1293 441; x_wconf 43' lang='lat' dir='ltr'>ANYIUITsMEDJI</span> <span class='ocrx_word' id='word_1_4' title='bbox 1329 297 1508 443; x_wconf 59' lang='lat' dir='ltr'>ARV}</span> <span class='ocrx_word' id='word_1_5' title='bbox 1720 317 1854 433; x_wconf 10' lang='lat'>&#39;372‘</span> 
     </span>
     <span class='ocr_line' id='line_1_2' title="bbox 219 416 1872 534; baseline -0.001 -36"><span class='ocrx_word' id='word_1_6' title='bbox 219 432 356 512; x_wconf 50' lang='lat' dir='ltr'>&#39;Buram</span> <span class='ocrx_word' id='word_1_7' title='bbox 382 422 642 512; x_wconf 56' lang='lat' dir='ltr'>&amp;ramam</span> <span class='ocrx_word' id='word_1_8' title='bbox 671 431 859 517; x_wconf 79' lang='lat' dir='ltr'>Paurapuu</span> <span class='ocrx_word' id='word_1_9' title='bbox 882 449 1001 520; x_wconf 76' lang='lat' dir='ltr'>quaque</span> <span class='ocrx_word' id='word_1_10' title='bbox 1032 423 1069 497; x_wconf 89' lang='lat' dir='ltr'>A</span> <span class='ocrx_word' id='word_1_11' title='bbox 1103 428 1247 514; x_wconf 68' lang='lat' dir='ltr'>lazana</span> <span class='ocrx_word' id='word_1_12' title='bbox 1262 447 1280 492; x_wconf 86' lang='grc'>.·</span> <span class='ocrx_word' id='word_1_13' title='bbox 1313 423 1408 522; x_wconf 88' lang='lat' dir='ltr'>quod</span> <span class='ocrx_word' id='word_1_14' title='bbox 1436 448 1568 499; x_wconf 75' lang='lat' dir='ltr'>mirum</span> <span class='ocrx_word' id='word_1_15' title='bbox 1595 416 1757 505; x_wconf 85' lang='lat' dir='ltr'>rideatur</span> <span class='ocrx_word' id='word_1_16' title='bbox 1794 431 1872 534; x_wconf 76' lang='lat' dir='ltr'>spe.</span> 
     </span>
    </p>
   </div>
   <div class='ocr_carea' id='block_1_2' title="bbox 232 525 999 1234">
    <p class='ocr_par' dir='ltr' id='par_1_2' title="bbox 232 525 999 1234">
     <span class='ocr_line' id='line_1_3' title="bbox 234 525 999 619; baseline 0.001 -20"><span class='ocrx_word' id='word_1_17' title='bbox 234 529 270 599; x_wconf 80' lang='lat' dir='ltr'>dt</span> <span class='ocrx_word' id='word_1_18' title='bbox 306 528 500 602; x_wconf 75' lang='lat' dir='ltr'>Auximana</span> <span class='ocrx_word' id='word_1_19' title='bbox 532 528 668 601; x_wconf 80' lang='lat' dir='ltr'>Civitas</span> <span class='ocrx_word' id='word_1_20' title='bbox 693 527 731 619; x_wconf 79' lang='lat' dir='ltr'>se</span> <span class='ocrx_word' id='word_1_21' title='bbox 763 525 999 600; x_wconf 83' lang='lat' dir='ltr'>tradiderunt.</span> 
     </span>
     <span class='ocr_line' id='line_1_4' title="bbox 233 625 999 729; baseline -0.005 -26"><span class='ocrx_word' id='word_1_22' title='bbox 233 633 360 729; x_wconf 83' lang='lat' dir='ltr'>Atque</span> <span class='ocrx_word' id='word_1_23' title='bbox 396 629 481 705; x_wconf 84' lang='lat' dir='ltr'>haec</span> <span class='ocrx_word' id='word_1_24' title='bbox 516 630 559 726; x_wconf 75' lang='lat' dir='ltr'>dp</span> <span class='ocrx_word' id='word_1_25' title='bbox 584 627 713 706; x_wconf 86' lang='lat' dir='ltr'>finibus</span> <span class='ocrx_word' id='word_1_26' title='bbox 740 625 897 724; x_wconf 77' lang='lat' dir='ltr'>antiquis</span> <span class='ocrx_word' id='word_1_27' title='bbox 924 629 999 701; x_wconf 89' lang='lat' dir='ltr'>Co-</span> 
     </span>
     <span class='ocr_line' id='line_1_5' title="bbox 235 725 999 809; baseline -0.004 -4"><span class='ocrx_word' id='word_1_28' title='bbox 235 730 385 809; x_wconf 86' lang='lat' dir='ltr'>mitatus</span> <span class='ocrx_word' id='word_1_29' title='bbox 409 727 639 808; x_wconf 73' lang='lat' dir='ltr'>Mutinensis.</span> <span class='ocrx_word' id='word_1_30' title='bbox 666 725 731 805; x_wconf 83' lang='lat' dir='ltr'>Sed</span> <span class='ocrx_word' id='word_1_31' title='bbox 759 726 820 801; x_wconf 85' lang='lat' dir='ltr'>rix</span> <span class='ocrx_word' id='word_1_32' title='bbox 841 728 913 800; x_wconf 87' lang='lat' dir='ltr'>ulla</span> <span class='ocrx_word' id='word_1_33' title='bbox 933 728 999 802; x_wconf 88' lang='lat' dir='ltr'>Ci-</span> 
     </span>
     <span class='ocr_line' id='line_1_6' title="bbox 234 827 997 931; baseline -0.005 -23"><span class='ocrx_word' id='word_1_34' title='bbox 234 834 331 910; x_wconf 83' lang='lat' dir='ltr'>vitas</span> <span class='ocrx_word' id='word_1_35' title='bbox 356 832 487 909; x_wconf 81' lang='lat' dir='ltr'>ostendi</span> <span class='ocrx_word' id='word_1_36' title='bbox 524 829 681 931; x_wconf 86' lang='lat' dir='ltr'>poterit,</span> <span class='ocrx_word' id='word_1_37' title='bbox 716 852 806 928; x_wconf 87' lang='lat' dir='ltr'>quae</span> <span class='ocrx_word' id='word_1_38' title='bbox 842 827 892 902; x_wconf 90' lang='lat' dir='ltr'>sui</span> <span class='ocrx_word' id='word_1_39' title='bbox 921 829 997 929; x_wconf 82' lang='lat' dir='ltr'>agri</span> 
     </span>
     <span class='ocr_line' id='line_1_7' title="bbox 234 929 997 1032; baseline -0.008 -21"><span class='ocrx_word' id='word_1_40' title='bbox 234 933 322 1011; x_wconf 83' lang='lat' dir='ltr'>fines</span> <span class='ocrx_word' id='word_1_41' title='bbox 363 936 419 1008; x_wconf 86' lang='lat' dir='ltr'>uel</span> <span class='ocrx_word' id='word_1_42' title='bbox 458 929 540 1032; x_wconf 75' lang='lat' dir='ltr'>ipsis</span> <span class='ocrx_word' id='word_1_43' title='bbox 579 929 738 1030; x_wconf 76' lang='lat' dir='ltr'>antiquis</span> <span class='ocrx_word' id='word_1_44' title='bbox 778 930 997 1023; x_wconf 81' lang='lat' dir='ltr'>temporibus</span> 
     </span>
     <span class='ocr_line' id='line_1_8' title="bbox 233 1030 996 1132; baseline -0.005 -22"><span class='ocrx_word' id='word_1_45' title='bbox 233 1036 370 1111; x_wconf 81' lang='lat' dir='ltr'>stabiles</span> <span class='ocrx_word' id='word_1_46' title='bbox 393 1033 666 1132; x_wconf 60' lang='lat' dir='ltr'>retinuerit;,&amp;</span> <span class='ocrx_word' id='word_1_47' title='bbox 695 1030 718 1105; x_wconf 85' lang='lat' dir='ltr'>si</span> <span class='ocrx_word' id='word_1_48' title='bbox 742 1031 885 1130; x_wconf 89' lang='lat' dir='ltr'>quidem</span> <span class='ocrx_word' id='word_1_49' title='bbox 906 1033 996 1106; x_wconf 89' lang='lat' dir='ltr'>olim</span> 
     </span>
     <span class='ocr_line' id='line_1_9' title="bbox 232 1133 996 1234; baseline -0.005 -23"><span class='ocrx_word' id='word_1_50' title='bbox 232 1135 406 1229; x_wconf 82' lang='lat' dir='ltr'>retinuit,</span> <span class='ocrx_word' id='word_1_51' title='bbox 442 1135 547 1210; x_wconf 83' lang='lat' dir='ltr'>bellis</span> <span class='ocrx_word' id='word_1_52' title='bbox 582 1134 695 1234; x_wconf 81' lang='lat' dir='ltr'>postea</span> <span class='ocrx_word' id='word_1_53' title='bbox 721 1133 817 1208; x_wconf 89' lang='lat' dir='ltr'>iutet</span> <span class='ocrx_word' id='word_1_54' title='bbox 853 1134 996 1207; x_wconf 88' lang='lat' dir='ltr'>Italicas</span> 
     </span>
    </p>
   </div>
   <div class='ocr_carea' id='block_1_3' title="bbox 1099 523 1873 1220">
    <p class='ocr_par' dir='ltr' id='par_1_3' title="bbox 1099 523 1873 1220">
     <span class='ocr_line' id='line_1_10' title="bbox 1103 523 1873 612; baseline 0.019 -15"><span class='ocrx_word' id='word_1_55' title='bbox 1103 523 1284 598; x_wconf 78' lang='lat' dir='ltr'>diantibuc</span> <span class='ocrx_word' id='word_1_56' title='bbox 1312 525 1420 599; x_wconf 82' lang='lat' dir='ltr'>Urbis</span> <span class='ocrx_word' id='word_1_57' title='bbox 1456 527 1558 601; x_wconf 85' lang='lat' dir='ltr'>illius</span> <span class='ocrx_word' id='word_1_58' title='bbox 1591 527 1783 607; x_wconf 78' lang='lat' dir='ltr'>distantiam</span> <span class='ocrx_word' id='word_1_59' title='bbox 1826 537 1873 612; x_wconf 85' lang='lat' dir='ltr'>ab</span> 
     </span>
     <span class='ocr_line' id='line_1_11' title="bbox 1102 625 1870 725; baseline 0.018 -27"><span class='ocrx_word' id='word_1_60' title='bbox 1102 625 1150 700; x_wconf 82' lang='lat' dir='ltr'>iis</span> <span class='ocrx_word' id='word_1_61' title='bbox 1175 625 1371 713; x_wconf 39' lang='lat' dir='ltr'>satisfac</span> <span class='ocrx_word' id='word_1_62' title='bbox 1411 628 1627 725; x_wconf 83' lang='lat' dir='ltr'>praesentem</span> <span class='ocrx_word' id='word_1_63' title='bbox 1663 656 1775 708; x_wconf 88' lang='lat' dir='ltr'>rerum</span> <span class='ocrx_word' id='word_1_64' title='bbox 1803 637 1870 712; x_wconf 87' lang='lat' dir='ltr'>sla-</span> 
     </span>
     <span class='ocr_line' id='line_1_12' title="bbox 1102 727 1872 828; baseline 0.018 -30"><span class='ocrx_word' id='word_1_65' title='bbox 1102 743 1205 828; x_wconf 81' lang='lat' dir='ltr'>tum3</span> <span class='ocrx_word' id='word_1_66' title='bbox 1245 727 1300 801; x_wconf 88' lang='lat' dir='ltr'>sed</span> <span class='ocrx_word' id='word_1_67' title='bbox 1337 729 1487 802; x_wconf 87' lang='lat' dir='ltr'>minime</span> <span class='ocrx_word' id='word_1_68' title='bbox 1523 733 1654 805; x_wconf 89' lang='lat' dir='ltr'>mirum</span> <span class='ocrx_word' id='word_1_69' title='bbox 1692 731 1738 807; x_wconf 86' lang='lat' dir='ltr'>est</span> <span class='ocrx_word' id='word_1_70' title='bbox 1770 761 1872 813; x_wconf 87' lang='lat' dir='ltr'>teco-</span> 
     </span>
     <span class='ocr_line' id='line_1_13' title="bbox 1101 829 1867 915; baseline 0.02 -15"><span class='ocrx_word' id='word_1_71' title='bbox 1101 829 1257 905; x_wconf 84' lang='lat' dir='ltr'>lentibus</span> <span class='ocrx_word' id='word_1_72' title='bbox 1284 847 1419 903; x_wconf 85' lang='lat' dir='ltr'>tantam</span> <span class='ocrx_word' id='word_1_73' title='bbox 1450 830 1490 904; x_wconf 90' lang='lat' dir='ltr'>in</span> <span class='ocrx_word' id='word_1_74' title='bbox 1516 833 1598 906; x_wconf 82' lang='lat' dir='ltr'>aliis</span> <span class='ocrx_word' id='word_1_75' title='bbox 1633 833 1724 908; x_wconf 85' lang='lat' dir='ltr'>locis</span> <span class='ocrx_word' id='word_1_76' title='bbox 1751 857 1867 915; x_wconf 82' lang='lat' dir='ltr'>muta-</span> 
     </span>
     <span class='ocr_line' id='line_1_14' title="bbox 1102 926 1873 1044; baseline 0.019 -41"><span class='ocrx_word' id='word_1_77' title='bbox 1102 931 1239 1004; x_wconf 87' lang='lat' dir='ltr'>tionem</span> <span class='ocrx_word' id='word_1_78' title='bbox 1267 926 1542 1032; x_wconf 86' lang='lat' dir='ltr'>subsequutam.</span> <span class='ocrx_word' id='word_1_79' title='bbox 1573 939 1653 1008; x_wconf 88' lang='lat' dir='ltr'>Hac</span> <span class='ocrx_word' id='word_1_80' title='bbox 1679 934 1723 1009; x_wconf 88' lang='lat' dir='ltr'>de</span> <span class='ocrx_word' id='word_1_81' title='bbox 1750 964 1788 1013; x_wconf 92' lang='lat' dir='ltr'>re</span> <span class='ocrx_word' id='word_1_82' title='bbox 1815 943 1873 1044; x_wconf 84' lang='lat' dir='ltr'>egi</span> 
     </span>
     <span class='ocr_line' id='line_1_15' title="bbox 1101 1028 1873 1126; baseline 0.021 -26"><span class='ocrx_word' id='word_1_83' title='bbox 1101 1028 1202 1126; x_wconf 88' lang='lat' dir='ltr'>supra</span> <span class='ocrx_word' id='word_1_84' title='bbox 1228 1033 1267 1105; x_wconf 90' lang='lat' dir='ltr'>in</span> <span class='ocrx_word' id='word_1_85' title='bbox 1300 1035 1439 1107; x_wconf 85' lang='lat' dir='ltr'>Dissert.</span> <span class='ocrx_word' id='word_1_86' title='bbox 1469 1038 1553 1109; x_wconf 78' lang='lat' dir='ltr'>vlt.</span> <span class='ocrx_word' id='word_1_87' title='bbox 1573 1044 1614 1108; x_wconf 85' lang='lat' dir='ltr'>de</span> <span class='ocrx_word' id='word_1_88' title='bbox 1633 1038 1786 1114; x_wconf 86' lang='lat' dir='ltr'>Comitib.</span> <span class='ocrx_word' id='word_1_89' title='bbox 1805 1050 1873 1116; x_wconf 84' lang='lat' dir='ltr'>Pa-</span> 
     </span>
     <span class='ocr_line' id='line_1_16' title="bbox 1099 1131 1870 1220; baseline 0.026 -19"><span class='ocrx_word' id='word_1_90' title='bbox 1099 1131 1196 1205; x_wconf 83' lang='lat' dir='ltr'>latii.</span> <span class='ocrx_word' id='word_1_91' title='bbox 1222 1137 1402 1207; x_wconf 85' lang='lat' dir='ltr'>Praeterea</span> <span class='ocrx_word' id='word_1_92' title='bbox 1421 1137 1460 1208; x_wconf 92' lang='lat' dir='ltr'>in</span> <span class='ocrx_word' id='word_1_93' title='bbox 1482 1135 1735 1213; x_wconf 87' lang='lat' dir='ltr'>Dissertatione</span> <span class='ocrx_word' id='word_1_94' title='bbox 1752 1145 1870 1220; x_wconf 81' lang='lat' dir='ltr'>xxtt.</span> 
     </span>
    </p>
   </div>
   <div class='ocr_carea' id='block_1_4' title="bbox 231 1228 1872 1333">
    <p class='ocr_par' dir='ltr' id='par_1_4' title="bbox 231 1228 1872 1333">
     <span class='ocr_line' id='line_1_17' title="bbox 231 1228 1872 1333; baseline 0.004 -21"><span class='ocrx_word' id='word_1_95' title='bbox 231 1238 346 1312; x_wconf 81' lang='lat' dir='ltr'>Urbes</span> <span class='ocrx_word' id='word_1_96' title='bbox 371 1235 564 1325; x_wconf 85' lang='lat' dir='ltr'>excitatis,</span> <span class='ocrx_word' id='word_1_97' title='bbox 599 1233 639 1309; x_wconf 81' lang='grc' dir='ltr'>δι</span> <span class='ocrx_word' id='word_1_98' title='bbox 666 1235 902 1311; x_wconf 82' lang='lat' dir='ltr'>saevientibus</span> <span class='ocrx_word' id='word_1_99' title='bbox 927 1235 996 1308; x_wconf 90' lang='lat' dir='ltr'>Gi·</span> <span class='ocrx_word' id='word_1_100' title='bbox 1041 1261 1048 1274; x_wconf 91' lang='lat'><strong>·</strong></span> <span class='ocrx_word' id='word_1_101' title='bbox 1102 1228 1262 1329; x_wconf 84' lang='lat' dir='ltr'>sequenti</span> <span class='ocrx_word' id='word_1_102' title='bbox 1301 1237 1342 1305; x_wconf 85' lang='lat' dir='ltr'>de</span> <span class='ocrx_word' id='word_1_103' title='bbox 1367 1240 1506 1333; x_wconf 75' lang='lat' dir='ltr'>Legibus</span> <span class='ocrx_word' id='word_1_104' title='bbox 1541 1241 1618 1311; x_wconf 83' lang='lat' dir='ltr'>Ital.</span> <span class='ocrx_word' id='word_1_105' title='bbox 1646 1238 1872 1321; x_wconf 85' lang='lat' dir='ltr'>animadver-</span> 
     </span>
    </p>
   </div>
   <div class='ocr_carea' id='block_1_5' title="bbox 226 1334 1023 2355">
    <p class='ocr_par' dir='ltr' id='par_1_5' title="bbox 226 1334 1023 2355">
     <span class='ocr_line' id='line_1_18' title="bbox 230 1334 995 1434; baseline -0.008 -19"><span class='ocrx_word' id='word_1_106' title='bbox 230 1339 444 1415; x_wconf 89' lang='lat' dir='ltr'>bellinorum</span> <span class='ocrx_word' id='word_1_107' title='bbox 480 1340 517 1410; x_wconf 77' lang='lat' dir='ltr'>dt</span> <span class='ocrx_word' id='word_1_108' title='bbox 544 1335 789 1434; x_wconf 89' lang='lat' dir='ltr'>Guelphorum</span> <span class='ocrx_word' id='word_1_109' title='bbox 826 1334 995 1409; x_wconf 78' lang='lat' dir='ltr'>sadiioni-</span> 
     </span>
     <span class='ocr_line' id='line_1_19' title="bbox 229 1370 1023 1539; baseline -0.01 -24"><span class='ocrx_word' id='word_1_110' title='bbox 229 1442 321 1532; x_wconf 80' lang='lat' dir='ltr'>bus,</span> <span class='ocrx_word' id='word_1_111' title='bbox 357 1440 548 1514; x_wconf 82' lang='lat' dir='ltr'>immutato</span> <span class='ocrx_word' id='word_1_112' title='bbox 584 1440 686 1539; x_wconf 89' lang='lat' dir='ltr'>plane</span> <span class='ocrx_word' id='word_1_113' title='bbox 722 1435 851 1511; x_wconf 88' lang='lat' dir='ltr'>finium</span> <span class='ocrx_word' id='word_1_114' title='bbox 887 1370 1023 1512; x_wconf 83' lang='lat' dir='ltr'>sacieel</span> 
     </span>
     <span class='ocr_line' id='line_1_20' title="bbox 228 1537 992 1640; baseline -0.005 -22"><span class='ocrx_word' id='word_1_115' title='bbox 228 1539 319 1618; x_wconf 85' lang='lat' dir='ltr'>suit.</span> <span class='ocrx_word' id='word_1_116' title='bbox 344 1545 456 1617; x_wconf 78' lang='lat' dir='ltr'>Erant</span> <span class='ocrx_word' id='word_1_117' title='bbox 478 1539 576 1615; x_wconf 90' lang='lat' dir='ltr'>enim</span> <span class='ocrx_word' id='word_1_118' title='bbox 597 1537 731 1614; x_wconf 81' lang='lat' dir='ltr'>uetusto</span> <span class='ocrx_word' id='word_1_119' title='bbox 750 1557 909 1640; x_wconf 89' lang='lat' dir='ltr'>tempore</span> <span class='ocrx_word' id='word_1_120' title='bbox 927 1538 992 1615; x_wconf 89' lang='lat' dir='ltr'>ci-</span> 
     </span>
     <span class='ocr_line' id='line_1_21' title="bbox 226 1639 992 1740; baseline -0.003 -22"><span class='ocrx_word' id='word_1_121' title='bbox 226 1643 382 1734; x_wconf 78' lang='lat' dir='ltr'>vitates,</span> <span class='ocrx_word' id='word_1_122' title='bbox 420 1667 511 1740; x_wconf 82' lang='lat' dir='ltr'>quae</span> <span class='ocrx_word' id='word_1_123' title='bbox 546 1639 681 1732; x_wconf 88' lang='lat' dir='ltr'>latius,</span> <span class='ocrx_word' id='word_1_124' title='bbox 717 1655 817 1714; x_wconf 89' lang='lat' dir='ltr'>erant</span> <span class='ocrx_word' id='word_1_125' title='bbox 840 1642 875 1714; x_wconf 75' lang='grc' dir='ltr'>ἃ</span> <span class='ocrx_word' id='word_1_126' title='bbox 901 1668 992 1737; x_wconf 86' lang='lat' dir='ltr'>quae</span> 
     </span>
     <span class='ocr_line' id='line_1_22' title="bbox 230 1739 992 1844; baseline -0.004 -24"><span class='ocrx_word' id='word_1_127' title='bbox 230 1743 394 1835; x_wconf 86' lang='lat' dir='ltr'>breuius,</span> <span class='ocrx_word' id='word_1_128' title='bbox 421 1767 543 1844; x_wconf 87' lang='lat' dir='ltr'>agrum</span> <span class='ocrx_word' id='word_1_129' title='bbox 571 1740 753 1835; x_wconf 85' lang='lat' dir='ltr'>srbi,s1ue</span> <span class='ocrx_word' id='word_1_130' title='bbox 779 1740 839 1821; x_wconf 90' lang='lat' dir='ltr'>suo</span> <span class='ocrx_word' id='word_1_131' title='bbox 865 1739 992 1817; x_wconf 87' lang='lat' dir='ltr'>Comi·</span> 
     </span>
     <span class='ocr_line' id='line_1_23' title="bbox 227 1843 992 1946; baseline -0.007 -26"><span class='ocrx_word' id='word_1_132' title='bbox 227 1849 261 1921; x_wconf 91' lang='lat' dir='ltr'>ti</span> <span class='ocrx_word' id='word_1_133' title='bbox 296 1845 492 1946; x_wconf 79' lang='lat' dir='ltr'>subjebium</span> <span class='ocrx_word' id='word_1_134' title='bbox 529 1843 810 1945; x_wconf 87' lang='lat' dir='ltr'>protendebant.</span> <span class='ocrx_word' id='word_1_135' title='bbox 851 1843 918 1920; x_wconf 88' lang='lat' dir='ltr'>Uti</span> <span class='ocrx_word' id='word_1_136' title='bbox 954 1844 992 1917; x_wconf 98' lang='lat' dir='ltr'>in</span> 
     </span>
     <span class='ocr_line' id='line_1_24' title="bbox 228 1943 993 2047; baseline -0.008 -24"><span class='ocrx_word' id='word_1_137' title='bbox 228 1947 458 2047; x_wconf 71' lang='lat' dir='ltr'>Antiquitat,</span> <span class='ocrx_word' id='word_1_138' title='bbox 493 1945 623 2022; x_wconf 83' lang='lat' dir='ltr'>Esicns.</span> <span class='ocrx_word' id='word_1_139' title='bbox 660 1949 737 2021; x_wconf 87' lang='lat' dir='ltr'>Par.</span> <span class='ocrx_word' id='word_1_140' title='bbox 774 1949 801 2020; x_wconf 88' lang='lat'>1.</span> <span class='ocrx_word' id='word_1_141' title='bbox 828 1943 920 2046; x_wconf 87' lang='lat' dir='ltr'>Cap.</span> <span class='ocrx_word' id='word_1_142' title='bbox 960 1950 993 2021; x_wconf 91' lang='lat'>8.</span> 
     </span>
     <span class='ocr_line' id='line_1_25' title="bbox 231 2046 997 2150; baseline -0.009 -25"><span class='ocrx_word' id='word_1_143' title='bbox 231 2048 386 2135; x_wconf 81' lang='lat' dir='ltr'>ostendi,</span> <span class='ocrx_word' id='word_1_144' title='bbox 422 2047 623 2150; x_wconf 74' lang='lat' dir='ltr'>spediabant</span> <span class='ocrx_word' id='word_1_145' title='bbox 657 2046 747 2122; x_wconf 88' lang='lat' dir='ltr'>olim</span> <span class='ocrx_word' id='word_1_146' title='bbox 784 2048 827 2123; x_wconf 88' lang='lat' dir='ltr'>ad</span> <span class='ocrx_word' id='word_1_147' title='bbox 853 2049 997 2120; x_wconf 82' lang='lat' dir='ltr'>Comita-</span> 
     </span>
     <span class='ocr_line' id='line_1_26' title="bbox 229 2148 999 2245; baseline -0.006 -21"><span class='ocrx_word' id='word_1_148' title='bbox 229 2176 299 2226; x_wconf 86' lang='lat' dir='ltr'>rum</span> <span class='ocrx_word' id='word_1_149' title='bbox 323 2151 518 2225; x_wconf 79' lang='lat' dir='ltr'>Brixianam</span> <span class='ocrx_word' id='word_1_150' title='bbox 543 2152 658 2245; x_wconf 73' lang='lat' dir='ltr'>Calale</span> <span class='ocrx_word' id='word_1_151' title='bbox 684 2149 822 2242; x_wconf 71' lang='lat' dir='ltr'>Maius,</span> <span class='ocrx_word' id='word_1_152' title='bbox 850 2148 999 2221; x_wconf 83' lang='lat' dir='ltr'>Videlia-</span> 
     </span>
     <span class='ocr_line' id='line_1_27' title="bbox 231 2246 999 2355; baseline -0.007 -30"><span class='ocrx_word' id='word_1_153' title='bbox 231 2281 306 2348; x_wconf 86' lang='lat' dir='ltr'>na,</span> <span class='ocrx_word' id='word_1_154' title='bbox 345 2252 604 2355; x_wconf 76' lang='lat' dir='ltr'>Pomponescum,</span> <span class='ocrx_word' id='word_1_155' title='bbox 646 2257 880 2349; x_wconf 84' lang='lat' dir='ltr'>Pangunedum</span> <span class='ocrx_word' id='word_1_156' title='bbox 892 2298 904 2333; x_wconf 93' lang='lat'>,</span> <span class='ocrx_word' id='word_1_157' title='bbox 950 2246 999 2329; x_wconf 53' lang='grc' dir='ltr'>(γ’</span> 
     </span>
    </p>
   </div>
   <div class='ocr_carea' id='block_1_6' title="bbox 1026 2052 1034 2060">
    <p class='ocr_par' dir='ltr' id='par_1_6' title="bbox 1026 2052 1034 2060">
     <span class='ocr_line' id='line_1_28' title="bbox 1026 2052 1034 2060; baseline 0 0"><span class='ocrx_word' id='word_1_158' title='bbox 1026 2052 1034 2060; x_wconf 57' lang='lat' dir='ltr'>n</span> 
     </span>
    </p>
   </div>
   <div class='ocr_carea' id='block_1_7' title="bbox 1031 1322 1873 1425">
    <p class='ocr_par' dir='ltr' id='par_1_7' title="bbox 1031 1322 1873 1425">
     <span class='ocr_line' id='line_1_29' title="bbox 1031 1322 1873 1425; baseline 0.023 -23"><span class='ocrx_word' id='word_1_159' title='bbox 1031 1322 1073 1422; x_wconf 78' lang='grc' dir='ltr'>Β,Ι</span> <span class='ocrx_word' id='word_1_160' title='bbox 1104 1351 1245 1425; x_wconf 83' lang='lat' dir='ltr'>temus,</span> <span class='ocrx_word' id='word_1_161' title='bbox 1273 1337 1434 1411; x_wconf 90' lang='lat' dir='ltr'>eumdem</span> <span class='ocrx_word' id='word_1_162' title='bbox 1473 1339 1618 1414; x_wconf 75' lang='lat' dir='ltr'>brixiae</span> <span class='ocrx_word' id='word_1_163' title='bbox 1645 1343 1873 1422; x_wconf 77' lang='lat' dir='ltr'>comitatum</span> 
     </span>
    </p>
   </div>
   <div class='ocr_carea' id='block_1_8' title="bbox 1102 1434 1911 2343">
    <p class='ocr_par' dir='ltr' id='par_1_8' title="bbox 1102 1434 1911 2343">
     <span class='ocr_line' id='line_1_30' title="bbox 1102 1434 1873 1540; baseline 0.019 -32"><span class='ocrx_word' id='word_1_164' title='bbox 1102 1434 1194 1510; x_wconf 92' lang='lat' dir='ltr'>olim</span> <span class='ocrx_word' id='word_1_165' title='bbox 1236 1437 1425 1516; x_wconf 79' lang='lat' dir='ltr'>excurride</span> <span class='ocrx_word' id='word_1_166' title='bbox 1466 1439 1505 1513; x_wconf 87' lang='lat' dir='ltr'>in</span> <span class='ocrx_word' id='word_1_167' title='bbox 1546 1443 1678 1515; x_wconf 84' lang='lat' dir='ltr'>multas</span> <span class='ocrx_word' id='word_1_168' title='bbox 1713 1447 1873 1540; x_wconf 86' lang='lat' dir='ltr'>Terras,</span> 
     </span>
     <span class='ocr_line' id='line_1_31' title="bbox 1103 1541 1873 1635; baseline 0.014 -24"><span class='ocrx_word' id='word_1_169' title='bbox 1103 1562 1192 1635; x_wconf 82' lang='lat' dir='ltr'>quae</span> <span class='ocrx_word' id='word_1_170' title='bbox 1227 1564 1320 1613; x_wconf 90' lang='lat' dir='ltr'>nunc</span> <span class='ocrx_word' id='word_1_171' title='bbox 1355 1541 1581 1616; x_wconf 85' lang='lat' dir='ltr'>Cremonensr</span> <span class='ocrx_word' id='word_1_172' title='bbox 1617 1542 1776 1619; x_wconf 82' lang='lat' dir='ltr'>Civitati</span> <span class='ocrx_word' id='word_1_173' title='bbox 1804 1551 1873 1622; x_wconf 86' lang='lat' dir='ltr'>ob-</span> 
     </span>
     <span class='ocr_line' id='line_1_32' title="bbox 1103 1638 1870 1742; baseline 0.013 -30"><span class='ocrx_word' id='word_1_174' title='bbox 1103 1638 1317 1736; x_wconf 84' lang='lat' dir='ltr'>sequuntur.</span> <span class='ocrx_word' id='word_1_175' title='bbox 1355 1640 1495 1715; x_wconf 86' lang='lat' dir='ltr'>Addere</span> <span class='ocrx_word' id='word_1_176' title='bbox 1533 1667 1626 1716; x_wconf 84' lang='lat' dir='ltr'>nunc</span> <span class='ocrx_word' id='word_1_177' title='bbox 1654 1646 1771 1742; x_wconf 87' lang='lat' dir='ltr'>placet</span> <span class='ocrx_word' id='word_1_178' title='bbox 1795 1651 1870 1722; x_wconf 90' lang='lat' dir='ltr'>Ca-</span> 
     </span>
     <span class='ocr_line' id='line_1_33' title="bbox 1102 1739 1871 1839; baseline 0.008 -25"><span class='ocrx_word' id='word_1_179' title='bbox 1102 1741 1172 1815; x_wconf 88' lang='lat' dir='ltr'>roli</span> <span class='ocrx_word' id='word_1_180' title='bbox 1213 1739 1325 1815; x_wconf 78' lang='lat' dir='ltr'>Crasti</span> <span class='ocrx_word' id='word_1_181' title='bbox 1366 1741 1570 1839; x_wconf 81' lang='lat' dir='ltr'>Dipsunta,</span> <span class='ocrx_word' id='word_1_182' title='bbox 1610 1770 1629 1816; x_wconf 91' lang='lat' dir='ltr'>e</span> <span class='ocrx_word' id='word_1_183' title='bbox 1670 1746 1871 1822; x_wconf 83' lang='lat' dir='ltr'>Tabulario</span> 
     </span>
     <span class='ocr_line' id='line_1_34' title="bbox 1103 1838 1911 1920; baseline 0 -8"><span class='ocrx_word' id='word_1_184' title='bbox 1103 1838 1363 1915; x_wconf 86' lang='lat' dir='ltr'>Monachorum</span> <span class='ocrx_word' id='word_1_185' title='bbox 1391 1843 1704 1914; x_wconf 73' lang='lat' dir='ltr'>Benedibiinorum</span> <span class='ocrx_word' id='word_1_186' title='bbox 1737 1849 1873 1920; x_wconf 85' lang='lat' dir='ltr'>Mona-</span> <span class='ocrx_word' id='word_1_187' title='bbox 1909 1909 1911 1912; x_wconf 9' lang='grc' dir='ltr'><em>Α</em></span> 
     </span>
     <span class='ocr_line' id='line_1_35' title="bbox 1102 1938 1872 2039; baseline 0.01 -26"><span class='ocrx_word' id='word_1_188' title='bbox 1102 1938 1195 2014; x_wconf 86' lang='lat' dir='ltr'>sterii</span> <span class='ocrx_word' id='word_1_189' title='bbox 1217 1938 1415 2013; x_wconf 84' lang='lat' dir='ltr'>Placentini</span> <span class='ocrx_word' id='word_1_190' title='bbox 1437 1938 1555 2012; x_wconf 74' lang='lat' dir='ltr'>Sandti</span> <span class='ocrx_word' id='word_1_191' title='bbox 1585 1938 1679 2014; x_wconf 85' lang='lat' dir='ltr'>Sixti</span> <span class='ocrx_word' id='word_1_192' title='bbox 1706 1940 1872 2039; x_wconf 90' lang='lat' dir='ltr'>deprom-</span> 
     </span>
     <span class='ocr_line' id='line_1_36' title="bbox 1105 2037 1869 2138; baseline 0.014 -24"><span class='ocrx_word' id='word_1_193' title='bbox 1105 2060 1208 2131; x_wconf 87' lang='lat' dir='ltr'>tum,</span> <span class='ocrx_word' id='word_1_194' title='bbox 1233 2039 1271 2114; x_wconf 94' lang='lat' dir='ltr'>in</span> <span class='ocrx_word' id='word_1_195' title='bbox 1299 2064 1371 2138; x_wconf 87' lang='lat' dir='ltr'>quo</span> <span class='ocrx_word' id='word_1_196' title='bbox 1397 2037 1520 2114; x_wconf 83' lang='lat' dir='ltr'>videas</span> <span class='ocrx_word' id='word_1_197' title='bbox 1540 2043 1721 2116; x_wconf 86' lang='lat' dir='ltr'>Fontanae</span> <span class='ocrx_word' id='word_1_198' title='bbox 1747 2046 1869 2125; x_wconf 86' lang='lat' dir='ltr'>locum</span> 
     </span>
     <span class='ocr_line' id='line_1_37' title="bbox 1106 2140 1872 2247; baseline 0.014 -33"><span class='ocrx_word' id='word_1_199' title='bbox 1106 2140 1208 2217; x_wconf 86' lang='lat' dir='ltr'>situm</span> <span class='ocrx_word' id='word_1_200' title='bbox 1235 2143 1397 2232; x_wconf 84' lang='lat' dir='ltr'>Comitaru</span> <span class='ocrx_word' id='word_1_201' title='bbox 1422 2141 1605 2224; x_wconf 80' lang='lat' dir='ltr'>Brixienfi,</span> <span class='ocrx_word' id='word_1_202' title='bbox 1632 2145 1791 2219; x_wconf 67' lang='lat' dir='ltr'>parocbia</span> <span class='ocrx_word' id='word_1_203' title='bbox 1817 2148 1872 2247; x_wconf 87' lang='lat' dir='ltr'>(i-</span> 
     </span>
     <span class='ocr_line' id='line_1_38' title="bbox 1104 2241 1639 2343; baseline 0.006 -26"><span class='ocrx_word' id='word_1_204' title='bbox 1104 2242 1175 2320; x_wconf 86' lang='lat' dir='ltr'>dest</span> <span class='ocrx_word' id='word_1_205' title='bbox 1204 2241 1388 2343; x_wconf 84' lang='lat' dir='ltr'>Dioecesr)</span> <span class='ocrx_word' id='word_1_206' title='bbox 1416 2242 1639 2330; x_wconf 38' lang='lat' dir='ltr'>Cremonenst&#39;.</span> 
     </span>
    </p>
   </div>
   <div class='ocr_carea' id='block_1_9' title="bbox 386 2494 1651 2731">
    <p class='ocr_par' dir='ltr' id='par_1_9' title="bbox 386 2447 1651 2731">
     <span class='ocr_line' id='line_1_39' title="bbox 386 2494 1651 2611; baseline -0.006 -18"><span class='ocrx_word' id='word_1_207' title='bbox 386 2566 389 2573; x_wconf 90' lang='lat'><em>-</em></span> <span class='ocrx_word' id='word_1_208' title='bbox 464 2499 641 2594; x_wconf 83' lang='lat' dir='ltr'>Donatio</span> <span class='ocrx_word' id='word_1_209' title='bbox 671 2501 772 2593; x_wconf 77' lang='lat' dir='ltr'>sabia</span> <span class='ocrx_word' id='word_1_210' title='bbox 801 2531 825 2588; x_wconf 81' lang='lat' dir='ltr'>a</span> <span class='ocrx_word' id='word_1_211' title='bbox 855 2500 1005 2588; x_wconf 78' lang='lat' dir='ltr'>Carolo</span> <span class='ocrx_word' id='word_1_212' title='bbox 1036 2495 1172 2601; x_wconf 82' lang='lat' dir='ltr'>Crasso</span> <span class='ocrx_word' id='word_1_213' title='bbox 1201 2503 1441 2611; x_wconf 83' lang='lat' dir='ltr'>Imperatore</span> <span class='ocrx_word' id='word_1_214' title='bbox 1472 2494 1651 2609; x_wconf 82' lang='lat' dir='ltr'>Jobunni</span> 
     </span>
     <span class='ocr_line' id='line_1_40' title="bbox 796 2620 1305 2731; baseline -0.006 -26"><span class='ocrx_word' id='word_1_215' title='bbox 796 2620 1023 2731; x_wconf 84' lang='lat' dir='ltr'>Galialdio,</span> <span class='ocrx_word' id='word_1_216' title='bbox 1053 2621 1176 2702; x_wconf 89' lang='lat' dir='ltr'>Anno</span> <span class='ocrx_word' id='word_1_217' title='bbox 1208 2621 1305 2728; x_wconf 88' lang='lat'><strong>883.</strong></span> 
     </span>
    </p>
   </div>
   <div class='ocr_carea' id='block_1_10' title="bbox 282 2848 1888 2948">
    <p class='ocr_par' dir='ltr' id='par_1_10' title="bbox 282 2848 1888 2948">
     <span class='ocr_line' id='line_1_41' title="bbox 282 2848 1888 2948; baseline -0.002 -17"><span class='ocrx_word' id='word_1_218' title='bbox 282 2863 319 2931; x_wconf 91' lang='lat' dir='ltr'><strong><em>N</em></strong></span> <span class='ocrx_word' id='word_1_219' title='bbox 343 2853 466 2927; x_wconf 88' lang='lat' dir='ltr'>nomine</span> <span class='ocrx_word' id='word_1_220' title='bbox 488 2853 630 2930; x_wconf 78' lang='lat' dir='ltr'>Saniiae</span> <span class='ocrx_word' id='word_1_221' title='bbox 647 2853 694 2934; x_wconf 62' lang='grc' dir='ltr'>ἕν’</span> <span class='ocrx_word' id='word_1_222' title='bbox 714 2853 907 2927; x_wconf 79' lang='lat' dir='ltr'>individuae</span> <span class='ocrx_word' id='word_1_223' title='bbox 925 2852 1002 2924; x_wconf 89' lang='lat' dir='ltr'>Tri·</span> <span class='ocrx_word' id='word_1_224' title='bbox 1041 2856 1074 2928; x_wconf 90' lang='lat' dir='ltr'>C</span> <span class='ocrx_word' id='word_1_225' title='bbox 1107 2848 1187 2948; x_wconf 81' lang='lat' dir='ltr'>quid</span> <span class='ocrx_word' id='word_1_226' title='bbox 1212 2848 1382 2946; x_wconf 83' lang='lat' dir='ltr'>delegerit.</span> <span class='ocrx_word' id='word_1_227' title='bbox 1410 2849 1514 2946; x_wconf 71' lang='lat' dir='ltr'>Cujus</span> <span class='ocrx_word' id='word_1_228' title='bbox 1538 2851 1688 2927; x_wconf 81' lang='lat' dir='ltr'>videlicet</span> <span class='ocrx_word' id='word_1_229' title='bbox 1705 2849 1888 2930; x_wconf 78' lang='lat' dir='ltr'>interven·-</span> 
     </span>
    </p>
   </div>
   <div class='ocr_carea' id='block_1_11' title="bbox 228 2956 1003 3759">
    <p class='ocr_par' dir='ltr' id='par_1_11' title="bbox 228 2956 1003 3759">
     <span class='ocr_line' id='line_1_42' title="bbox 309 2956 1001 3047; baseline -0.009 -17"><span class='ocrx_word' id='word_1_230' title='bbox 309 2958 446 3031; x_wconf 90' lang='lat' dir='ltr'>nitatis.</span> <span class='ocrx_word' id='word_1_231' title='bbox 472 2959 614 3031; x_wconf 84' lang='lat' dir='ltr'>Karalus</span> <span class='ocrx_word' id='word_1_232' title='bbox 639 2956 761 3029; x_wconf 87' lang='lat' dir='ltr'>divina</span> <span class='ocrx_word' id='word_1_233' title='bbox 781 2957 915 3047; x_wconf 72' lang='lat' dir='ltr'>favente</span> <span class='ocrx_word' id='word_1_234' title='bbox 940 2956 1001 3026; x_wconf 87' lang='lat' dir='ltr'>cle-</span> 
     </span>
     <span class='ocr_line' id='line_1_43' title="bbox 234 3057 1003 3157; baseline -0.01 -23"><span class='ocrx_word' id='word_1_235' title='bbox 234 3063 356 3135; x_wconf 89' lang='lat' dir='ltr'>mentia</span> <span class='ocrx_word' id='word_1_236' title='bbox 381 3065 554 3157; x_wconf 85' lang='lat' dir='ltr'>Imperator</span> <span class='ocrx_word' id='word_1_237' title='bbox 577 3057 766 3157; x_wconf 78' lang='lat' dir='ltr'>Augustus.</span> <span class='ocrx_word' id='word_1_238' title='bbox 800 3058 841 3130; x_wconf 72' lang='lat' dir='ltr'>sa·</span> <span class='ocrx_word' id='word_1_239' title='bbox 861 3057 1003 3155; x_wconf 88' lang='lat' dir='ltr'>petenti-</span> 
     </span>
     <span class='ocr_line' id='line_1_44' title="bbox 233 3158 1001 3258; baseline -0.012 -20"><span class='ocrx_word' id='word_1_240' title='bbox 233 3163 294 3238; x_wconf 87' lang='lat' dir='ltr'>bus</span> <span class='ocrx_word' id='word_1_241' title='bbox 320 3166 475 3235; x_wconf 83' lang='lat' dir='ltr'>commoda</span> <span class='ocrx_word' id='word_1_242' title='bbox 500 3162 655 3258; x_wconf 86' lang='lat' dir='ltr'>largimus</span> <span class='ocrx_word' id='word_1_243' title='bbox 682 3158 840 3252; x_wconf 83' lang='lat' dir='ltr'>fidelibus</span> <span class='ocrx_word' id='word_1_244' title='bbox 865 3158 1001 3247; x_wconf 76' lang='lat' dir='ltr'>nolitis,</span> 
     </span>
     <span class='ocr_line' id='line_1_45' title="bbox 233 3259 1001 3364; baseline -0.007 -28"><span class='ocrx_word' id='word_1_245' title='bbox 233 3269 349 3364; x_wconf 83' lang='lat' dir='ltr'>quibus</span> <span class='ocrx_word' id='word_1_246' title='bbox 366 3271 440 3340; x_wconf 84' lang='lat' dir='ltr'>baec</span> <span class='ocrx_word' id='word_1_247' title='bbox 460 3265 701 3354; x_wconf 79' lang='lat' dir='ltr'>contulerimus,</span> <span class='ocrx_word' id='word_1_248' title='bbox 723 3259 929 3361; x_wconf 78' lang='lat' dir='ltr'>proculdubio</span> <span class='ocrx_word' id='word_1_249' title='bbox 946 3262 1001 3332; x_wconf 83' lang='lat' dir='ltr'>de·</span> 
     </span>
     <span class='ocr_line' id='line_1_46' title="bbox 232 3363 1001 3462; baseline -0.007 -24"><span class='ocrx_word' id='word_1_250' title='bbox 232 3370 371 3438; x_wconf 82' lang='lat' dir='ltr'>veriores</span> <span class='ocrx_word' id='word_1_251' title='bbox 396 3395 433 3439; x_wconf 92' lang='lat' dir='ltr'>ac</span> <span class='ocrx_word' id='word_1_252' title='bbox 456 3369 658 3462; x_wconf 78' lang='lat' dir='ltr'>promptiores</span> <span class='ocrx_word' id='word_1_253' title='bbox 682 3389 731 3435; x_wconf 89' lang='lat' dir='ltr'>eos</span> <span class='ocrx_word' id='word_1_254' title='bbox 757 3366 791 3436; x_wconf 88' lang='lat' dir='ltr'>in</span> <span class='ocrx_word' id='word_1_255' title='bbox 811 3363 912 3448; x_wconf 86' lang='lat' dir='ltr'>nollro</span> <span class='ocrx_word' id='word_1_256' title='bbox 930 3365 1001 3434; x_wconf 83' lang='lat' dir='ltr'>red-</span> 
     </span>
     <span class='ocr_line' id='line_1_47' title="bbox 232 3461 1000 3560; baseline -0.005 -22"><span class='ocrx_word' id='word_1_257' title='bbox 232 3469 342 3538; x_wconf 84' lang='lat' dir='ltr'>demus</span> <span class='ocrx_word' id='word_1_258' title='bbox 366 3466 526 3560; x_wconf 75' lang='lat' dir='ltr'>obsequio.</span> <span class='ocrx_word' id='word_1_259' title='bbox 553 3467 660 3558; x_wconf 81' lang='lat' dir='ltr'>igitur</span> <span class='ocrx_word' id='word_1_260' title='bbox 685 3483 794 3533; x_wconf 92' lang='lat' dir='ltr'>notum</span> <span class='ocrx_word' id='word_1_261' title='bbox 818 3461 878 3558; x_wconf 76' lang='lat' dir='ltr'>effe</span> <span class='ocrx_word' id='word_1_262' title='bbox 904 3465 1000 3535; x_wconf 85' lang='lat' dir='ltr'>volu·</span> 
     </span>
     <span class='ocr_line' id='line_1_48' title="bbox 233 3561 1000 3653; baseline -0.005 -17"><span class='ocrx_word' id='word_1_263' title='bbox 233 3591 304 3636; x_wconf 89' lang='lat' dir='ltr'>mus</span> <span class='ocrx_word' id='word_1_264' title='bbox 322 3564 466 3634; x_wconf 87' lang='lat' dir='ltr'>amnibus</span> <span class='ocrx_word' id='word_1_265' title='bbox 484 3562 643 3652; x_wconf 82' lang='lat' dir='ltr'>fidelibus</span> <span class='ocrx_word' id='word_1_266' title='bbox 662 3561 794 3645; x_wconf 81' lang='lat' dir='ltr'>nostris,</span> <span class='ocrx_word' id='word_1_267' title='bbox 819 3583 1000 3653; x_wconf 85' lang='lat' dir='ltr'>tamprae-</span> 
     </span>
     <span class='ocr_line' id='line_1_49' title="bbox 228 3658 1001 3759; baseline 0.001 -25"><span class='ocrx_word' id='word_1_268' title='bbox 228 3664 375 3759; x_wconf 79' lang='lat' dir='ltr'>sentibus</span> <span class='ocrx_word' id='word_1_269' title='bbox 394 3662 516 3754; x_wconf 79' lang='lat' dir='ltr'>seilicet</span> <span class='ocrx_word' id='word_1_270' title='bbox 541 3665 636 3756; x_wconf 77' lang='lat' dir='ltr'>quam</span> <span class='ocrx_word' id='word_1_271' title='bbox 662 3658 709 3737; x_wconf 56' lang='grc' dir='ltr'>(θ’</span> <span class='ocrx_word' id='word_1_272' title='bbox 730 3662 854 3750; x_wconf 77' lang='lat' dir='ltr'>suturis</span> <span class='ocrx_word' id='word_1_273' title='bbox 862 3713 1001 3736; x_wconf 87' lang='grc'><strong>.......</strong></span> 
     </span>
    </p>
   </div>
   <div class='ocr_carea' id='block_1_12' title="bbox 1097 2953 1878 3662">
    <p class='ocr_par' dir='ltr' id='par_1_12' title="bbox 1087 2953 1878 3662">
     <span class='ocr_line' id='line_1_50' title="bbox 1107 2953 1874 3048; baseline 0.008 -24"><span class='ocrx_word' id='word_1_274' title='bbox 1107 2953 1159 3024; x_wconf 90' lang='lat' dir='ltr'>tui</span> <span class='ocrx_word' id='word_1_275' title='bbox 1184 2976 1290 3023; x_wconf 90' lang='lat' dir='ltr'>aurem</span> <span class='ocrx_word' id='word_1_276' title='bbox 1316 2954 1497 3026; x_wconf 82' lang='lat' dir='ltr'>clementiae</span> <span class='ocrx_word' id='word_1_277' title='bbox 1521 2957 1803 3048; x_wconf 80' lang='lat' dir='ltr'>accommodantes,</span> <span class='ocrx_word' id='word_1_278' title='bbox 1837 2984 1874 3030; x_wconf 88' lang='lat' dir='ltr'>e·</span> 
     </span>
     <span class='ocr_line' id='line_1_51' title="bbox 1102 3049 1878 3153; baseline 0.011 -26.829"><span class='ocrx_word' id='word_1_279' title='bbox 1102 3052 1217 3151; x_wconf 78' lang='lat' dir='ltr'>jusque</span> <span class='ocrx_word' id='word_1_280' title='bbox 1247 3049 1363 3145; x_wconf 81' lang='lat' dir='ltr'>fidelis</span> <span class='ocrx_word' id='word_1_281' title='bbox 1398 3052 1495 3142; x_wconf 74' lang='lat' dir='ltr'>eastra·</span> <span class='ocrx_word' id='word_1_282' title='bbox 1530 3054 1602 3148; x_wconf 78' lang='lat' dir='ltr'>jam</span> <span class='ocrx_word' id='word_1_283' title='bbox 1637 3059 1878 3153; x_wconf 81' lang='lat' dir='ltr'>praenominati</span> 
     </span>
     <span class='ocr_line' id='line_1_52' title="bbox 1098 3155 1875 3251; baseline 0.012 -25"><span class='ocrx_word' id='word_1_284' title='bbox 1098 3155 1265 3248; x_wconf 85' lang='lat' dir='ltr'>Jobannis</span> <span class='ocrx_word' id='word_1_285' title='bbox 1303 3157 1497 3250; x_wconf 80' lang='lat' dir='ltr'>devotiffimu</span> <span class='ocrx_word' id='word_1_286' title='bbox 1533 3157 1715 3245; x_wconf 78' lang='lat' dir='ltr'>farnulatui</span> <span class='ocrx_word' id='word_1_287' title='bbox 1749 3161 1875 3251; x_wconf 82' lang='lat' dir='ltr'>viscera</span> 
     </span>
     <span class='ocr_line' id='line_1_53' title="bbox 1103 3256 1875 3355; baseline 0.01 -29"><span class='ocrx_word' id='word_1_288' title='bbox 1103 3256 1238 3354; x_wconf 82' lang='lat' dir='ltr'>pietatis</span> <span class='ocrx_word' id='word_1_289' title='bbox 1274 3261 1393 3345; x_wconf 76' lang='lat' dir='ltr'>nallrae</span> <span class='ocrx_word' id='word_1_290' title='bbox 1421 3258 1643 3355; x_wconf 79' lang='lat' dir='ltr'>suggerentes,</span> <span class='ocrx_word' id='word_1_291' title='bbox 1680 3261 1875 3335; x_wconf 85' lang='lat' dir='ltr'>concedimus</span> 
     </span>
     <span class='ocr_line' id='line_1_54' title="bbox 1106 3358 1877 3460; baseline 0.006 -28"><span class='ocrx_word' id='word_1_292' title='bbox 1106 3380 1200 3456; x_wconf 86' lang='lat' dir='ltr'>atque</span> <span class='ocrx_word' id='word_1_293' title='bbox 1233 3359 1388 3431; x_wconf 85' lang='lat' dir='ltr'>donamus</span> <span class='ocrx_word' id='word_1_294' title='bbox 1418 3359 1689 3457; x_wconf 78' lang='lat' dir='ltr'>supranominata</span> <span class='ocrx_word' id='word_1_295' title='bbox 1720 3358 1877 3460; x_wconf 67' lang='lat' dir='ltr'>Massani-</span> 
     </span>
     <span class='ocr_line' id='line_1_55' title="bbox 1106 3458 1878 3560; baseline 0.01 -30"><span class='ocrx_word' id='word_1_296' title='bbox 1106 3461 1156 3531; x_wconf 82' lang='lat' dir='ltr'>ria</span> <span class='ocrx_word' id='word_1_297' title='bbox 1191 3458 1294 3546; x_wconf 80' lang='lat' dir='ltr'>nostra</span> <span class='ocrx_word' id='word_1_298' title='bbox 1326 3466 1367 3532; x_wconf 84' lang='lat' dir='ltr'>de</span> <span class='ocrx_word' id='word_1_299' title='bbox 1392 3463 1561 3536; x_wconf 71' lang='lat' dir='ltr'>fontanis</span> <span class='ocrx_word' id='word_1_300' title='bbox 1577 3461 1679 3536; x_wconf 85' lang='lat' dir='ltr'>eidem</span> <span class='ocrx_word' id='word_1_301' title='bbox 1711 3464 1878 3560; x_wconf 75' lang='lat' dir='ltr'>praedibla</span> 
     </span>
     <span class='ocr_line' id='line_1_56' title="bbox 1097 3560 1869 3662; baseline 0.017 -34"><span class='ocrx_word' id='word_1_302' title='bbox 1097 3560 1249 3652; x_wconf 86' lang='lat' dir='ltr'>Jabanni</span> <span class='ocrx_word' id='word_1_303' title='bbox 1283 3562 1318 3632; x_wconf 93' lang='lat' dir='ltr'>in</span> <span class='ocrx_word' id='word_1_304' title='bbox 1346 3562 1502 3662; x_wconf 85' lang='lat' dir='ltr'>integrum</span> <span class='ocrx_word' id='word_1_305' title='bbox 1534 3590 1603 3636; x_wconf 87' lang='lat' dir='ltr'>cum</span> <span class='ocrx_word' id='word_1_306' title='bbox 1637 3563 1782 3638; x_wconf 85' lang='lat' dir='ltr'>omnibus</span> <span class='ocrx_word' id='word_1_307' title='bbox 1806 3569 1869 3640; x_wconf 85' lang='lat' dir='ltr'>ad·</span> 
     </span>
    </p>
   </div>
   <div class='ocr_carea' id='block_1_13' title="bbox 1102 3658 1995 3764">
    <p class='ocr_par' dir='ltr' id='par_1_13' title="bbox 1102 3658 1995 3764">
     <span class='ocr_line' id='line_1_57' title="bbox 1102 3658 1995 3764; baseline 0.008 -32"><span class='ocrx_word' id='word_1_308' title='bbox 1102 3658 1253 3752; x_wconf 79' lang='lat' dir='ltr'>jacentiis</span> <span class='ocrx_word' id='word_1_309' title='bbox 1289 3663 1394 3761; x_wconf 81' lang='lat' dir='ltr'>ibique</span> <span class='ocrx_word' id='word_1_310' title='bbox 1421 3665 1676 3764; x_wconf 77' lang='lat' dir='ltr'>respicientibus,</span> <span class='ocrx_word' id='word_1_311' title='bbox 1697 3664 1770 3761; x_wconf 75' lang='lat' dir='ltr'>jure</span> <span class='ocrx_word' id='word_1_312' title='bbox 1790 3686 1868 3758; x_wconf 90' lang='lat' dir='ltr'>pro-</span> <span class='ocrx_word' id='word_1_313' title='bbox 1990 3713 1995 3729; x_wconf 57' lang='grc' dir='ltr'><strong><em>ι</em></strong></span> 
     </span>
    </p>
   </div>
   <div class='ocr_carea' id='block_1_14' title="bbox 233 3760 1875 3861">
    <p class='ocr_par' dir='ltr' id='par_1_14' title="bbox 233 3760 1875 3861">
     <span class='ocr_line' id='line_1_58' title="bbox 233 3760 1875 3861; baseline 0.001 -22"><span class='ocrx_word' id='word_1_314' title='bbox 233 3764 372 3854; x_wconf 78' lang='lat' dir='ltr'>atulfum</span> <span class='ocrx_word' id='word_1_315' title='bbox 405 3760 557 3835; x_wconf 81' lang='lat' dir='ltr'>dileblum</span> <span class='ocrx_word' id='word_1_316' title='bbox 591 3760 818 3848; x_wconf 75' lang='lat' dir='ltr'>consiliarium</span> <span class='ocrx_word' id='word_1_317' title='bbox 843 3765 889 3834; x_wconf 74' lang='grc' dir='ltr'>Ο·</span> <span class='ocrx_word' id='word_1_318' title='bbox 923 3765 998 3835; x_wconf 87' lang='lat' dir='ltr'>Mi·</span> <span class='ocrx_word' id='word_1_319' title='bbox 1040 3765 1075 3833; x_wconf 90' lang='lat' dir='ltr'>D</span> <span class='ocrx_word' id='word_1_320' title='bbox 1103 3761 1256 3853; x_wconf 86' lang='lat' dir='ltr'>prietario</span> <span class='ocrx_word' id='word_1_321' title='bbox 1290 3767 1430 3838; x_wconf 68' lang='lat' dir='ltr'>tannae·</span> <span class='ocrx_word' id='word_1_322' title='bbox 1454 3767 1501 3849; x_wconf 69' lang='lat' dir='ltr'>dr·</span> <span class='ocrx_word' id='word_1_323' title='bbox 1527 3767 1672 3861; x_wconf 78' lang='lat' dir='ltr'>faciendi</span> <span class='ocrx_word' id='word_1_324' title='bbox 1704 3788 1771 3842; x_wconf 87' lang='lat' dir='ltr'>tam</span> <span class='ocrx_word' id='word_1_325' title='bbox 1808 3769 1875 3860; x_wconf 75' lang='lat' dir='ltr'>ipse</span> 
     </span>
    </p>
   </div>
   <div class='ocr_carea' id='block_1_15' title="bbox 125 3860 999 4267">
    <p class='ocr_par' dir='ltr' id='par_1_15' title="bbox 125 3860 999 4267">
     <span class='ocr_line' id='line_1_59' title="bbox 232 3860 999 3962; baseline -0.005 -22"><span class='ocrx_word' id='word_1_326' title='bbox 232 3865 423 3954; x_wconf 78' lang='lat' dir='ltr'>nilierialem</span> <span class='ocrx_word' id='word_1_327' title='bbox 448 3864 584 3953; x_wconf 76' lang='lat' dir='ltr'>nojlrunu</span> <span class='ocrx_word' id='word_1_328' title='bbox 609 3860 721 3962; x_wconf 68' lang='lat' dir='ltr'>udirffe</span> <span class='ocrx_word' id='word_1_329' title='bbox 738 3865 924 3960; x_wconf 54' lang='lat' dir='ltr'>,breuitatis</span> <span class='ocrx_word' id='word_1_330' title='bbox 943 3892 999 3937; x_wconf 89' lang='lat' dir='ltr'>na-</span> 
     </span>
     <span class='ocr_line' id='line_1_60' title="bbox 125 3966 992 4065; baseline 0 -27"><span class='ocrx_word' id='word_1_331' title='bbox 125 4013 131 4020; x_wconf 92' lang='lat'><strong>·</strong></span> <span class='ocrx_word' id='word_1_332' title='bbox 211 3984 213 3989; x_wconf 58' lang='lat'><strong>⁴</strong></span> <span class='ocrx_word' id='word_1_333' title='bbox 224 3970 311 4059; x_wconf 80' lang='lat' dir='ltr'>lirae</span> <span class='ocrx_word' id='word_1_334' title='bbox 335 3966 630 4064; x_wconf 85' lang='lat' dir='ltr'>magnificentiam,</span> <span class='ocrx_word' id='word_1_335' title='bbox 664 3969 818 4065; x_wconf 82' lang='lat' dir='ltr'>quatinus</span> <span class='ocrx_word' id='word_1_336' title='bbox 851 3971 992 4041; x_wconf 85' lang='lat' dir='ltr'>concede-</span> 
     </span>
     <span class='ocr_line' id='line_1_61' title="bbox 229 4067 992 4164; baseline -0.001 -21"><span class='ocrx_word' id='word_1_337' title='bbox 229 4097 332 4143; x_wconf 87' lang='lat' dir='ltr'>remus</span> <span class='ocrx_word' id='word_1_338' title='bbox 358 4070 481 4142; x_wconf 87' lang='lat' dir='ltr'>cuidam</span> <span class='ocrx_word' id='word_1_339' title='bbox 499 4067 600 4160; x_wconf 81' lang='lat' dir='ltr'>fideli</span> <span class='ocrx_word' id='word_1_340' title='bbox 625 4074 724 4157; x_wconf 60' lang='lat' dir='ltr'>nmina</span> <span class='ocrx_word' id='word_1_341' title='bbox 750 4070 899 4164; x_wconf 84' lang='lat' dir='ltr'>Jabanni</span> <span class='ocrx_word' id='word_1_342' title='bbox 923 4077 992 4142; x_wconf 85' lang='lat' dir='ltr'>Ga-</span> 
     </span>
     <span class='ocr_line' id='line_1_62' title="bbox 222 4166 992 4267; baseline -0.001 -21"><span class='ocrx_word' id='word_1_343' title='bbox 222 4173 345 4266; x_wconf 82' lang='lat' dir='ltr'>Jlaldio</span> <span class='ocrx_word' id='word_1_344' title='bbox 368 4177 409 4245; x_wconf 91' lang='lat' dir='ltr'>de</span> <span class='ocrx_word' id='word_1_345' title='bbox 433 4176 531 4242; x_wconf 87' lang='lat' dir='ltr'>Curre</span> <span class='ocrx_word' id='word_1_346' title='bbox 556 4166 659 4255; x_wconf 74' lang='lat' dir='ltr'>nollra</span> <span class='ocrx_word' id='word_1_347' title='bbox 685 4175 840 4267; x_wconf 87' lang='lat' dir='ltr'>Margala</span> <span class='ocrx_word' id='word_1_348' title='bbox 865 4169 992 4266; x_wconf 76' lang='lat' dir='ltr'>Maffa·</span> 
     </span>
    </p>
   </div>
   <div class='ocr_carea' id='block_1_16' title="bbox 117 4269 992 4366">
    <p class='ocr_par' dir='ltr' id='par_1_16' title="bbox 117 4269 992 4366">
     <span class='ocr_line' id='line_1_63' title="bbox 117 4269 992 4366; baseline -0.003 -17"><span class='ocrx_word' id='word_1_349' title='bbox 117 4276 120 4282; x_wconf 72' lang='grc'><em>’</em></span> <span class='ocrx_word' id='word_1_350' title='bbox 230 4278 308 4349; x_wconf 83' lang='lat' dir='ltr'>uitia</span> <span class='ocrx_word' id='word_1_351' title='bbox 335 4274 438 4366; x_wconf 71' lang='lat' dir='ltr'>nostra</span> <span class='ocrx_word' id='word_1_352' title='bbox 464 4273 549 4365; x_wconf 84' lang='lat' dir='ltr'>illa,</span> <span class='ocrx_word' id='word_1_353' title='bbox 583 4293 663 4366; x_wconf 81' lang='lat' dir='ltr'>quae</span> <span class='ocrx_word' id='word_1_354' title='bbox 687 4269 846 4362; x_wconf 83' lang='lat' dir='ltr'>conjacent</span> <span class='ocrx_word' id='word_1_355' title='bbox 871 4274 911 4344; x_wconf 90' lang='lat' dir='ltr'>in</span> <span class='ocrx_word' id='word_1_356' title='bbox 938 4276 992 4348; x_wconf 87' lang='lat' dir='ltr'>lo·</span> 
     </span>
    </p>
   </div>
   <div class='ocr_carea' id='block_1_17' title="bbox 225 4371 992 4673">
    <p class='ocr_par' dir='ltr' id='par_1_17' title="bbox 225 4371 992 4673">
     <span class='ocr_line' id='line_1_64' title="bbox 229 4371 992 4475; baseline -0.001 -24"><span class='ocrx_word' id='word_1_357' title='bbox 229 4377 363 4475; x_wconf 86' lang='lat' dir='ltr'>coqui</span> <span class='ocrx_word' id='word_1_358' title='bbox 399 4395 547 4453; x_wconf 83' lang='lat' dir='ltr'>vocatur</span> <span class='ocrx_word' id='word_1_359' title='bbox 582 4376 767 4461; x_wconf 83' lang='lat' dir='ltr'>Fontane,</span> <span class='ocrx_word' id='word_1_360' title='bbox 803 4371 992 4450; x_wconf 76' lang='lat' dir='ltr'>comitatu</span> 
     </span>
     <span class='ocr_line' id='line_1_65' title="bbox 230 4471 991 4566; baseline -0.005 -16"><span class='ocrx_word' id='word_1_361' title='bbox 230 4478 425 4561; x_wconf 82' lang='lat' dir='ltr'>Beixienfi,</span> <span class='ocrx_word' id='word_1_362' title='bbox 450 4474 620 4553; x_wconf 74' lang='lat' dir='ltr'>Parochid</span> <span class='ocrx_word' id='word_1_363' title='bbox 641 4471 893 4564; x_wconf 83' lang='lat' dir='ltr'>Cremonensr,</span> <span class='ocrx_word' id='word_1_364' title='bbox 917 4497 991 4566; x_wconf 84' lang='lat' dir='ltr'>pro·</span> 
     </span>
     <span class='ocr_line' id='line_1_66' title="bbox 225 4576 992 4673; baseline -0.001 -24"><span class='ocrx_word' id='word_1_365' title='bbox 225 4599 267 4673; x_wconf 89' lang='lat' dir='ltr'>pe</span> <span class='ocrx_word' id='word_1_366' title='bbox 292 4586 421 4652; x_wconf 80' lang='lat' dir='ltr'>Curram</span> <span class='ocrx_word' id='word_1_367' title='bbox 447 4579 582 4668; x_wconf 80' lang='lat' dir='ltr'>nollram</span> <span class='ocrx_word' id='word_1_368' title='bbox 611 4578 780 4669; x_wconf 81' lang='lat' dir='ltr'>Eupiras,</span> <span class='ocrx_word' id='word_1_369' title='bbox 813 4596 871 4670; x_wconf 90' lang='lat' dir='ltr'>pro</span> <span class='ocrx_word' id='word_1_370' title='bbox 892 4576 992 4667; x_wconf 79' lang='lat' dir='ltr'>fideli</span> 
     </span>
    </p>
   </div>
   <div class='ocr_carea' id='block_1_18' title="bbox 1102 3859 1931 4675">
    <p class='ocr_par' dir='ltr' id='par_1_18' title="bbox 1102 3859 1931 4675">
     <span class='ocr_line' id='line_1_67' title="bbox 1102 3859 1874 3967; baseline 0.009 -34"><span class='ocrx_word' id='word_1_371' title='bbox 1102 3859 1173 3956; x_wconf 75' lang='lat' dir='ltr'>&#39;p&#39;am</span> <span class='ocrx_word' id='word_1_372' title='bbox 1193 3864 1293 3955; x_wconf 77' lang='lat' dir='ltr'>saepe</span> <span class='ocrx_word' id='word_1_373' title='bbox 1314 3868 1494 3940; x_wconf 81' lang='lat' dir='ltr'>nominatus</span> <span class='ocrx_word' id='word_1_374' title='bbox 1520 3869 1686 3961; x_wconf 79' lang='lat' dir='ltr'>Jobaunes</span> <span class='ocrx_word' id='word_1_375' title='bbox 1717 3895 1874 3967; x_wconf 79' lang='lat' dir='ltr'>quamque</span> 
     </span>
     <span class='ocr_line' id='line_1_68' title="bbox 1106 3963 1874 4064; baseline 0.012 -29"><span class='ocrx_word' id='word_1_376' title='bbox 1106 3963 1153 4044; x_wconf 51' lang='grc' dir='ltr'>ὀμ</span> <span class='ocrx_word' id='word_1_377' title='bbox 1178 3967 1304 4037; x_wconf 82' lang='lat' dir='ltr'>heredes</span> <span class='ocrx_word' id='word_1_378' title='bbox 1331 3968 1451 4064; x_wconf 79' lang='lat' dir='ltr'>ipsius,</span> <span class='ocrx_word' id='word_1_379' title='bbox 1478 3969 1556 4059; x_wconf 78' lang='lat' dir='ltr'>idesl</span> <span class='ocrx_word' id='word_1_380' title='bbox 1577 3971 1704 4053; x_wconf 86' lang='lat' dir='ltr'>dandi,</span> <span class='ocrx_word' id='word_1_381' title='bbox 1730 3975 1874 4044; x_wconf 84' lang='lat' dir='ltr'>venden-</span> 
     </span>
     <span class='ocr_line' id='line_1_69' title="bbox 1104 4068 1871 4163; baseline 0.007 -25"><span class='ocrx_word' id='word_1_382' title='bbox 1104 4068 1171 4158; x_wconf 84' lang='lat' dir='ltr'>di,</span> <span class='ocrx_word' id='word_1_383' title='bbox 1196 4071 1403 4152; x_wconf 80' lang='lat' dir='ltr'>remutandi,</span> <span class='ocrx_word' id='word_1_384' title='bbox 1440 4073 1609 4146; x_wconf 86' lang='lat' dir='ltr'>alienandi</span> <span class='ocrx_word' id='word_1_385' title='bbox 1629 4072 1799 4163; x_wconf 78' lang='lat' dir='ltr'>secunaiun</span> <span class='ocrx_word' id='word_1_386' title='bbox 1824 4073 1871 4143; x_wconf 88' lang='lat' dir='ltr'>li-</span> 
     </span>
     <span class='ocr_line' id='line_1_70' title="bbox 1106 4166 1875 4274; baseline 0.004 -33"><span class='ocrx_word' id='word_1_387' title='bbox 1106 4166 1209 4242; x_wconf 89' lang='lat' dir='ltr'>bitum</span> <span class='ocrx_word' id='word_1_388' title='bbox 1231 4173 1395 4268; x_wconf 88' lang='lat' dir='ltr'>proprium</span> <span class='ocrx_word' id='word_1_389' title='bbox 1421 4175 1554 4248; x_wconf 85' lang='lat' dir='ltr'>liberam</span> <span class='ocrx_word' id='word_1_390' title='bbox 1578 4175 1691 4247; x_wconf 83' lang='lat' dir='ltr'>euiude</span> <span class='ocrx_word' id='word_1_391' title='bbox 1711 4173 1875 4274; x_wconf 83' lang='lat' dir='ltr'>permitti·</span> 
     </span>
     <span class='ocr_line' id='line_1_71' title="bbox 1106 4272 1877 4374; baseline 0.01 -33"><span class='ocrx_word' id='word_1_392' title='bbox 1106 4298 1175 4342; x_wconf 89' lang='lat' dir='ltr'>mus</span> <span class='ocrx_word' id='word_1_393' title='bbox 1212 4275 1313 4344; x_wconf 82' lang='lat' dir='ltr'>eidem</span> <span class='ocrx_word' id='word_1_394' title='bbox 1352 4272 1467 4347; x_wconf 85' lang='lat' dir='ltr'>babere</span> <span class='ocrx_word' id='word_1_395' title='bbox 1503 4275 1685 4366; x_wconf 73' lang='lat' dir='ltr'>potestatem</span> <span class='ocrx_word' id='word_1_396' title='bbox 1724 4276 1877 4374; x_wconf 84' lang='lat' dir='ltr'>quicquid</span> 
     </span>
     <span class='ocr_line' id='line_1_72' title="bbox 1105 4372 1931 4476; baseline 0.01 -33"><span class='ocrx_word' id='word_1_397' title='bbox 1105 4372 1244 4443; x_wconf 85' lang='lat' dir='ltr'>voluerit</span> <span class='ocrx_word' id='word_1_398' title='bbox 1264 4373 1409 4463; x_wconf 73' lang='lat' dir='ltr'>faciendi</span> <span class='ocrx_word' id='word_1_399' title='bbox 1417 4407 1438 4465; x_wconf 88' lang='lat'>,·</span> <span class='ocrx_word' id='word_1_400' title='bbox 1473 4381 1599 4449; x_wconf 82' lang='lat' dir='ltr'>nemine</span> <span class='ocrx_word' id='word_1_401' title='bbox 1624 4405 1774 4476; x_wconf 83' lang='lat' dir='ltr'>umquam</span> <span class='ocrx_word' id='word_1_402' title='bbox 1801 4377 1879 4472; x_wconf 76' lang='lat' dir='ltr'>suc·</span> <span class='ocrx_word' id='word_1_403' title='bbox 1928 4374 1931 4381; x_wconf 65' lang='grc'><strong>’</strong></span> 
     </span>
     <span class='ocr_line' id='line_1_73' title="bbox 1104 4470 1880 4578; baseline 0.01 -34"><span class='ocrx_word' id='word_1_404' title='bbox 1104 4470 1246 4567; x_wconf 67' lang='lat' dir='ltr'>celsorum</span> <span class='ocrx_word' id='word_1_405' title='bbox 1272 4477 1440 4564; x_wconf 81' lang='lat' dir='ltr'>nollrarum</span> <span class='ocrx_word' id='word_1_406' title='bbox 1475 4482 1531 4551; x_wconf 87' lang='lat' dir='ltr'>boc</span> <span class='ocrx_word' id='word_1_407' title='bbox 1566 4478 1758 4578; x_wconf 81' lang='lat' dir='ltr'>irrumpente</span> <span class='ocrx_word' id='word_1_408' title='bbox 1767 4507 1788 4570; x_wconf 85' lang='lat'>‚·</span> <span class='ocrx_word' id='word_1_409' title='bbox 1816 4480 1880 4573; x_wconf 81' lang='lat' dir='ltr'>sed</span> 
     </span>
     <span class='ocr_line' id='line_1_74' title="bbox 1105 4576 1878 4675; baseline 0.012 -31"><span class='ocrx_word' id='word_1_410' title='bbox 1105 4576 1205 4646; x_wconf 84' lang='lat' dir='ltr'>modis</span> <span class='ocrx_word' id='word_1_411' title='bbox 1239 4579 1383 4650; x_wconf 86' lang='lat' dir='ltr'>omnibus</span> <span class='ocrx_word' id='word_1_412' title='bbox 1417 4603 1489 4652; x_wconf 90' lang='lat' dir='ltr'>rata</span> <span class='ocrx_word' id='word_1_413' title='bbox 1521 4583 1571 4652; x_wconf 66' lang='grc' dir='ltr'>Θ·</span> <span class='ocrx_word' id='word_1_414' title='bbox 1606 4581 1793 4675; x_wconf 68' lang='lat' dir='ltr'>inconvulsa</span> <span class='ocrx_word' id='word_1_415' title='bbox 1829 4581 1878 4656; x_wconf 89' lang='lat' dir='ltr'>ad</span> 
     </span>
    </p>
   </div>
   <div class='ocr_carea' id='block_1_19' title="bbox 222 4676 1877 4777">
    <p class='ocr_par' dir='ltr' id='par_1_19' title="bbox 222 4676 1877 4777">
     <span class='ocr_line' id='line_1_75' title="bbox 222 4676 1877 4777; baseline 0.007 -32"><span class='ocrx_word' id='word_1_416' title='bbox 222 4676 359 4770; x_wconf 75' lang='lat' dir='ltr'>servitio</span> <span class='ocrx_word' id='word_1_417' title='bbox 385 4680 503 4775; x_wconf 77' lang='lat' dir='ltr'>ipfius,</span> <span class='ocrx_word' id='word_1_418' title='bbox 527 4682 611 4777; x_wconf 78' lang='lat' dir='ltr'>quod</span> <span class='ocrx_word' id='word_1_419' title='bbox 636 4679 853 4754; x_wconf 77' lang='lat' dir='ltr'>incunblanter</span> <span class='ocrx_word' id='word_1_420' title='bbox 878 4680 922 4748; x_wconf 67' lang='grc' dir='ltr'><em>θ</em></span> <span class='ocrx_word' id='word_1_421' title='bbox 941 4678 989 4770; x_wconf 89' lang='lat' dir='ltr'>fi·</span> <span class='ocrx_word' id='word_1_422' title='bbox 1033 4679 1062 4748; x_wconf 84' lang='lat' dir='ltr'>E</span> <span class='ocrx_word' id='word_1_423' title='bbox 1104 4700 1306 4773; x_wconf 88' lang='lat' dir='ltr'>augmentum</span> <span class='ocrx_word' id='word_1_424' title='bbox 1346 4686 1491 4755; x_wconf 87' lang='lat' dir='ltr'>mercedis</span> <span class='ocrx_word' id='word_1_425' title='bbox 1530 4705 1678 4757; x_wconf 86' lang='lat' dir='ltr'>aeternae</span> <span class='ocrx_word' id='word_1_426' title='bbox 1713 4703 1782 4757; x_wconf 88' lang='lat' dir='ltr'>tam</span> <span class='ocrx_word' id='word_1_427' title='bbox 1820 4710 1877 4757; x_wconf 90' lang='lat' dir='ltr'>no·</span> 
     </span>
    </p>
   </div>
   <div class='ocr_carea' id='block_1_20' title="bbox 227 4775 990 4976">
    <p class='ocr_par' dir='ltr' id='par_1_20' title="bbox 227 4775 990 4976">
     <span class='ocr_line' id='line_1_76' title="bbox 227 4775 990 4870; baseline -0.005 -19"><span class='ocrx_word' id='word_1_428' title='bbox 227 4775 343 4851; x_wconf 80' lang='lat' dir='ltr'>delitet</span> <span class='ocrx_word' id='word_1_429' title='bbox 382 4778 502 4863; x_wconf 76' lang='lat' dir='ltr'>molitae</span> <span class='ocrx_word' id='word_1_430' title='bbox 536 4778 716 4861; x_wconf 71' lang='lat' dir='ltr'>celsitudini</span> <span class='ocrx_word' id='word_1_431' title='bbox 749 4778 905 4870; x_wconf 79' lang='lat' dir='ltr'>exbibet,</span> <span class='ocrx_word' id='word_1_432' title='bbox 943 4777 990 4859; x_wconf 67' lang='lat' dir='ltr'>(r</span> 
     </span>
     <span class='ocr_line' id='line_1_77' title="bbox 228 4875 990 4976; baseline -0.024 -20"><span class='ocrx_word' id='word_1_433' title='bbox 228 4878 267 4956; x_wconf 85' lang='lat' dir='ltr'>ab</span> <span class='ocrx_word' id='word_1_434' title='bbox 293 4899 437 4953; x_wconf 87' lang='lat' dir='ltr'>aeternae</span> <span class='ocrx_word' id='word_1_435' title='bbox 462 4875 681 4948; x_wconf 88' lang='lat' dir='ltr'>retributionis</span> <span class='ocrx_word' id='word_1_436' title='bbox 704 4881 877 4970; x_wconf 87' lang='lat' dir='ltr'>praemium</span> <span class='ocrx_word' id='word_1_437' title='bbox 887 4909 908 4970; x_wconf 85' lang='lat'><em>;</em></span> <span class='ocrx_word' id='word_1_438' title='bbox 929 4881 990 4976; x_wconf 68' lang='lat' dir='ltr'>ju.</span> 
     </span>
    </p>
   </div>
   <div class='ocr_carea' id='block_1_21' title="bbox 228 4978 991 5084">
    <p class='ocr_par' dir='ltr' id='par_1_21' title="bbox 228 4978 991 5084">
     <span class='ocr_line' id='line_1_78' title="bbox 228 4978 991 5084; baseline -0.003 -26"><span class='ocrx_word' id='word_1_439' title='bbox 228 5011 262 5058; x_wconf 88' lang='lat' dir='ltr'>ra</span> <span class='ocrx_word' id='word_1_440' title='bbox 293 4979 501 5084; x_wconf 76' lang='lat' dir='ltr'>proprietario</span> <span class='ocrx_word' id='word_1_441' title='bbox 533 4978 710 5053; x_wconf 73' lang='lat' dir='ltr'>munaum</span> <span class='ocrx_word' id='word_1_442' title='bbox 736 4980 793 5063; x_wconf 62' lang='grc' dir='ltr'>(φ.</span> <span class='ocrx_word' id='word_1_443' title='bbox 807 4983 991 5077; x_wconf 69' lang='lat' dir='ltr'>faciendum</span> 
     </span>
    </p>
   </div>
   <div class='ocr_carea' id='block_1_22' title="bbox 1097 4777 1878 4984">
    <p class='ocr_par' dir='ltr' id='par_1_22' title="bbox 1097 4777 1878 4984">
     <span class='ocr_line' id='line_1_79' title="bbox 1097 4777 1877 4882; baseline 0.013 -35"><span class='ocrx_word' id='word_1_444' title='bbox 1097 4777 1185 4866; x_wconf 79' lang='lat' dir='ltr'>strae</span> <span class='ocrx_word' id='word_1_445' title='bbox 1205 4805 1357 4878; x_wconf 83' lang='lat' dir='ltr'>quamque</span> <span class='ocrx_word' id='word_1_446' title='bbox 1372 4784 1611 4882; x_wconf 77' lang='lat' dir='ltr'>predeceffarum</span> <span class='ocrx_word' id='word_1_447' title='bbox 1631 4786 1801 4874; x_wconf 82' lang='lat' dir='ltr'>nostrorum</span> <span class='ocrx_word' id='word_1_448' title='bbox 1821 4786 1877 4857; x_wconf 87' lang='lat' dir='ltr'>in·</span> 
     </span>
     <span class='ocr_line' id='line_1_80' title="bbox 1105 4881 1878 4984; baseline 0.014 -34"><span class='ocrx_word' id='word_1_449' title='bbox 1105 4881 1304 4952; x_wconf 85' lang='lat' dir='ltr'>violabiliter</span> <span class='ocrx_word' id='word_1_450' title='bbox 1336 4908 1486 4960; x_wconf 89' lang='lat' dir='ltr'>maneat.</span> <span class='ocrx_word' id='word_1_451' title='bbox 1524 4895 1551 4959; x_wconf 80' lang='lat' dir='ltr'><em>S</em></span> <span class='ocrx_word' id='word_1_452' title='bbox 1551 4892 1562 4957; x_wconf 89' lang='lat' dir='ltr'>i</span> <span class='ocrx_word' id='word_1_453' title='bbox 1597 4888 1668 4984; x_wconf 81' lang='lat' dir='ltr'>quic</span> <span class='ocrx_word' id='word_1_454' title='bbox 1701 4913 1777 4959; x_wconf 85' lang='lat' dir='ltr'>vero</span> <span class='ocrx_word' id='word_1_455' title='bbox 1805 4885 1878 4981; x_wconf 72' lang='lat' dir='ltr'>pell</span> 
     </span>
    </p>
   </div>
   <div class='ocr_carea' id='block_1_23' title="bbox 1107 4982 1981 5082">
    <p class='ocr_par' dir='ltr' id='par_1_23' title="bbox 1107 4982 1981 5082">
     <span class='ocr_line' id='line_1_81' title="bbox 1107 4982 1981 5082; baseline 0.001 -28"><span class='ocrx_word' id='word_1_456' title='bbox 1107 4982 1241 5069; x_wconf 59' lang='lat' dir='ltr'>nmirum</span> <span class='ocrx_word' id='word_1_457' title='bbox 1265 4984 1412 5082; x_wconf 64' lang='lat' dir='ltr'>decessum</span> <span class='ocrx_word' id='word_1_458' title='bbox 1439 4991 1494 5061; x_wconf 84' lang='lat' dir='ltr'>hac</span> <span class='ocrx_word' id='word_1_459' title='bbox 1522 4989 1643 5078; x_wconf 80' lang='lat' dir='ltr'>nostrae</span> <span class='ocrx_word' id='word_1_460' title='bbox 1669 4986 1875 5062; x_wconf 77' lang='lat' dir='ltr'>audiaritatis</span> <span class='ocrx_word' id='word_1_461' title='bbox 1970 5044 1981 5055; x_wconf 83' lang='grc'><strong>.</strong></span> 
     </span>
    </p>
   </div>
   <div class='ocr_carea' id='block_1_24' title="bbox 1604 5093 1812 5168">
    <p class='ocr_par' dir='ltr' id='par_1_24' title="bbox 1604 5093 1812 5168">
     <span class='ocr_line' id='line_1_82' title="bbox 1604 5093 1812 5168; baseline -0.005 -8"><span class='ocrx_word' id='word_1_462' title='bbox 1604 5129 1609 5136; x_wconf 91' lang='grc'><em>·</em></span> <span class='ocrx_word' id='word_1_463' title='bbox 1711 5093 1812 5168; x_wconf 75' lang='lat' dir='ltr'>Prae·</span> 
     </span>
    </p>
   </div>
   <div class='ocr_carea' id='block_1_25' title="bbox 0 0 2112 6011">
    <p class='ocr_par' dir='ltr' id='par_1_25' title="bbox 0 0 2112 6011">
     <span class='ocr_line' id='line_1_83' title="bbox 0 0 2112 6011; baseline 0 0"><span class='ocrx_word' id='word_1_464' title='bbox 0 0 2112 6011; x_wconf 95' lang='lat' dir='ltr'> </span> 
     </span>
    </p>
   </div>
  </div>
 </body>
</html>
