4216 6014
273 349 327 436 55
536 320 977 445 Aurronrr.
1029 314 1529 412 n‘rorrnrrr
1682 259 1794 449 ..56

208 437 429 515 veronenses
464 441 508 516 de
543 442 661 527 carso,
704 445 749 514 θ’
785 469 860 516 non·
879 445 985 534 plau.-
1009 440 1069 514 A*
1087 441 1139 510 ln
1162 462 1257 512 aoere
1281 461 1387 513 aorem
1413 441 1616 520 Bizanrlum
1644 471 1773 528 unum,
1808 447 1854 520 dc·

214 540 474 625 Bononienles,
500 550 626 642 quando
652 543 788 614 neniam
813 570 881 616 eum
900 547 979 617 vino

213 645 255 713 de
275 643 332 734 suo
356 642 525 733 asinina,
561 645 700 717 solvant
735 642 819 718 odio
862 648 978 742 Impe·
1012 713 1014 719 .

215 740 321 817 riales
347 743 389 816 de
416 743 524 817 fundo
551 745 653 818 navis
694 741 742 822 θ’
778 771 886 820 unum
913 748 979 820 lla·
1011 774 1015 785 ·

215 842 308 917 rium
351 844 426 917 vini
467 843 509 917 de
548 843 707 940 qualibet
748 868 900 946 vegete.
938 847 980 922 Si

214 946 351 1016 venians
375 951 415 1015 de
440 945 526 1016 mirra
554 972 659 1037 mare,
685 969 744 1019 aur
767 951 807 1019 de
826 953 978 1024 Lombar-

213 1047 294 1131 dia‚
323 1044 460 1118 solvant
477 1045 529 1119 ‘de
558 1053 660 1120 Soma
687 1047 771 1122 oiio
809 1050 977 1135 Imperia·

214 1148 286 1226 les‚
314 1143 360 1222 dr
386 1145 470 1219 odio
498 1148 700 1245 Imperiales
727 1151 769 1224 de
787 1149 897 1225 fundo
916 1179 977 1225 na·

215 1246 294 1333 vis,
320 1255 447 1320 vadant
473 1275 657 1346 quocumque
689 1252 829 1333 volans,
856 1262 928 1332 'cr'
943 1254 978 1324 irs

1087 539 1172 612 duas
1198 540 1353 641 caligas:
1393 545 1437 614 Θ
1461 546 1515 617 boe
1541 547 1574 617 in
1608 547 1755 618 elellione
1779 547 1846 620 Ri-

1087 639 1250 713 variomm
1264 669 1285 730 ;
1311 639 1358 721 (θ’
1383 640 1557 719 decimam
1582 645 1625 719 de
1653 648 1777 746 nappis
1802 649 1846 718 O·
1917 696 1921 702 -

1089 737 1284 832 scutellis,
1323 746 1456 836 exeepris
1496 747 1565 818 iltis
1604 746 1646 822 de
1689 746 1847 823 Mareia.

1090 842 1244 933 Veneti,
1277 842 1311 928 fi
1344 855 1472 918 vadunt
1505 877 1527 920 a
1553 851 1704 922 Ferraria
1723 849 1847 942 supra,

1090 939 1228 1016 solvant
1252 941 1296 1016 de
1322 945 1495 1021 milliario
1530 946 1588 1023 sex
1626 952 1848 1047 Imperiales.

1092 1043 1189 1129 Erfi
1212 1045 1349 1116 venium
1375 1047 1410 1118 in
1436 1050 1644 1131 Ferrariam,
1670 1051 1713 1123 de
1737 1049 1850 1124 fundo

1090 1143 1191 1218 navis
1230 1164 1300 1220 tres
1347 1151 1504 1222 Venetos
1542 1157 1696 1225 saneim.
1739 1152 1852 1222 Omnis

1090 1261 1275 1320 extraneus
1312 1244 1426 1322 solvat
1469 1277 1577 1343 unum
1625 1251 1847 1352 Imperialem
1914 1312 1920 1321 .

130 1435 133 1439 ⁸
216 1347 386 1432 reversione
412 1349 495 1424 osio
522 1350 751 1450 imperiales.
792 1359 841 1425 Er
873 1354 908 1440 st
939 1369 979 1425 ae
1013 1347 1042 1417 B
1090 1344 1345 1422 decensenario
1361 1348 1738 1448 Piscium,qmeumque
1752 1353 1850 1444 emir,

1086 1466 1211 1535 praerer
1229 1449 1323 1535 illos,
1348 1453 1463 1548 quibos
1481 1451 1634 1546 remissum
1652 1454 1695 1540 esl
1717 1482 1740 1527 a
1757 1468 1852 1526 (om-

1091 1546 1180 1613 muni
1197 1550 1383 1622 Ferrariae.
1411 1551 1563 1625 Romani
1583 1550 1722 1627 solvant
1741 1579 1852 1629 unum
1900 1644 1905 1649 ,

1090 1642 1286 1717 Lucensem
1312 1646 1355 1719 de
1373 1651 1473 1722 omni
1493 1677 1616 1734 avere,
1642 1655 1725 1750 qood
1746 1675 1853 1725 emunr
1954 1656 1959 1664 '

215 1476 282 1522 rina
309 1452 390 1522 navi
415 1453 549 1538 saserersr
571 1456 679 1549 plnres
717 1482 838 1538 naues,
866 1453 901 1542 si
939 1459 979 1527 de

210 1552 314 1644 priori
337 1550 521 1645 solvissenr,
563 1582 623 1627 mon
659 1556 790 1645 ssrlvanr
815 1559 855 1627 de
880 1557 976 1629 aliis.

214 1656 254 1725 In
279 1650 366 1740 saio
394 1655 630 1741 inveslirronis,
652 1655 684 1738 si
708 1683 803 1752 quam
822 1657 979 1746 secerimr,

217 1749 266 1830 (Υ
300 1752 482 1848 solutione,
523 1759 568 1826 Θ·
608 1759 798 1848 sacramento
844 1753 979 1845 ipsorum

216 1855 301 1926 idem
326 1869 408 1953 qood
433 1857 468 1929 irs
496 1858 726 1952 francigenis.

269 1957 457 2030 imolenses
484 1957 624 2028 solvant
649 1953 836 2028 duodecim
865 1958 979 2055 lmpe·

216 2054 320 2129 riales
347 2056 390 2128 de
416 2053 525 2127 fundo
552 2055 648 2127 navis
675 2056 709 2126 in
736 2061 836 2128 eundo
861 2056 908 2138 &r
932 2083 980 2128 re-

216 2158 364 2247 deundo,
403 2157 447 2226 D·
481 2154 666 2232 duodecim
709 2157 912 2256 Imperiales
938 2157 980 2232 de

1092 1745 1126 1813 in
1153 1745 1324 1828 ferraria,
1368 1768 1426 1819 aur
1468 1753 1610 1826 dueunr.
1656 1755 1853 1850 Quicumque

1090 1845 1167 1915 emir
1183 1844 1269 1937 fieus
1294 1849 1484 1936 Ferrariae,
1525 1850 1638 1927 solvat
1665 1857 1708 1928 de
1733 1873 1854 1928 cente·

1091 1943 1191 2019 nario
1218 1971 1326 2019 unum
1364 1947 1618 2047 imperialem.
1659 1956 1854 2052 ,Quicumque

1091 2052 1168 2116 emir
1196 2046 1403 2129 Vallaniam,
1436 2049 1509 2136 five
1535 2053 1698 2149 Foglam‚
1724 2077 1782 2127 aur
1800 2059 1856 2147 se-

1091 2174 1167 2232 men
1185 2146 1287 2236 Lini,
1328 2145 1443 2221 solvat
1469 2172 1620 2247 quatuos
1647 2155 1851 2252 imperiales

218 2254 315 2331 soma
340 2261 468 2332 ranrlrm
493 2256 528 2329 in
553 2259 729 2332 veniendo.
771 2265 820 2331 Er
850 2257 885 2346 Ji
907 2280 980 2350 por·
1016 2259 1048 2330 C
1090 2249 1133 2321 de
1160 2247 1308 2336 modio,
1331 2269 1457 2340 praeter
1481 2252 1580 2345 illos,
1605 2257 1718 2355 quibus
1743 2258 1852 2348 remis-

217 2361 452 2448 murvinum,
486 2358 529 2433 de
555 2359 715 2457 qualibet
744 2380 866 2459 vegete
892 2360 980 2434 duo-

218 2459 335 2534 decim
363 2460 587 2559 Imperiales.
618 2457 665 2543 fi·
683 2480 828 2550 perraras
852 2488 874 2531 a
899 2467 980 2533 Per-

218 2561 308 2633 raria
331 2563 445 2657 sopra.
482 2563 520 2631 ln
542 2559 633 2651 saffo
658 2560 893 2652 mulinionis,
934 2560 981 2639 (ἵν

220 2660 256 2732 io
278 2661 369 2751 safio
387 2659 522 2731 naviam
541 2661 584 2730 Θ
603 2659 637 2729 in
658 2661 873 2752 sacramenia,
893 2661 983 2737 sidem

221 2775 304 2856 quod
331 2761 366 2831 in
392 2759 621 2857 Francigvnir.
662 2759 850 2834 Ferentini
888 2759 982 2846 fimi-

223 2863 319 2942 lirer,
346 2863 389 2932 D
415 2881 483 2934 rora
511 2864 713 2960 Romagna.
739 2859 983 2935 Ariminenses

223 2962 267 3036 de
293 2960 403 3036 fundo
439 2960 539 3038 navis
579 2960 720 3037 solvont
757 2961 841 3037 odio
867 2963 985 3046 lmoe·

224 3064 328 3140 riales
355 3065 390 3136 in
416 3073 517 3136 eundo
543 3066 585 3135 (r
606 3066 778 3137 redeundo.
806 3072 889 3136 Tora
907 3067 986 3139 Tu-

1087 2349 1158 2439 sum
1183 2347 1247 2434 esl.
1274 2351 1468 2446 Quicumque
1493 2356 1581 2426 ducis
1606 2357 1719 2446 bestias
1744 2359 1851 2429 minu·

1090 2471 1140 2520 ras
1166 2469 1225 2521 aur
1254 2445 1374 2546 grossas
1414 2457 1624 2549 Ferrariam,
1659 2455 1774 2533 solvat
1809 2457 1853 2537 de

1092 2550 1250 2644 qualibet
1294 2549 1397 2626 bestia
1446 2581 1555 2629 unum
1600 2558 1855 2658 imperialem.

1094 2655 1170 2721 lrem
1196 2650 1296 2721 ommis
1322 2655 1487 2745 Forenstr,
1514 2659 1570 2751 qui
1593 2661 1669 2730 emir
1694 2686 1788 2732 avere
1809 2662 1855 2733 da

1089 2750 1183 2844 penso
1196 2799 1208 2832 ,
1247 2772 1305 2823 aare
1330 2758 1375 2824 ad
1391 2757 1574 2849 sladrram,
1614 2760 1656 2833 de
1682 2785 1854 2860 quocum·

1092 2878 1160 2951 que
1187 2878 1289 2926 avere
1315 2850 1430 2927 solvat
1456 2855 1499 2929 de
1521 2862 1724 2935 centenario
1743 2886 1854 2937 unum

1096 2953 1340 3051 imperialem.
1380 2960 1428 3026 Er
1466 2960 1568 3030 omnis
1595 2957 1741 3045 Forensis
1763 2968 1856 3037 deber

1091 3055 1191 3144 saeere
1216 3055 1367 3125 rariorem
1400 3057 1463 3148 sub
1487 3058 1587 3153 Misso
1623 3065 1756 3136 Domini
1788 3072 1857 3137 Pa·

223 3163 324 3240 scana
352 3165 466 3239 solvat
492 3166 678 3240 duodecim
714 3164 917 3265 Imperiales
942 3164 986 3237 de
1022 3165 1056 3232 D
1093 3176 1175 3245 prr.
1202 3157 1244 3225 θ
1265 3159 1328 3247 svb
1351 3158 1505 3228 Rivariis
1531 3166 1709 3236 Communis
1739 3171 1857 3237 Perra-

223 3264 333 3343 iundo
359 3261 465 3342 naris
487 3269 522 3341 in
547 3269 648 3339 eundo
674 3263 723 3345 &-
740 3268 916 3349 redeundo,
941 3269 986 3338 θ

224 3367 268 3442 de
294 3367 389 3442 loma
414 3367 499 3442 odio
527 3367 750 3453 lmoerioles,
778 3380 904 3462 quanm
927 3395 986 3440 ve·

227 3470 348 3540 niunr.
389 3472 437 3537 Er
458 3467 489 3549 si
508 3466 604 3559 semel
624 3467 784 3555 solverint
807 3470 847 3536 de
871 3494 988 3557 tuere,
1026 3570 1029 3575 1

227 3569 308 3665 qaod
334 3593 394 3637 non
417 3567 493 3657 plus
515 3565 646 3654 solvanr
669 3568 710 3635 de
731 3569 854 3655 eodem,
881 3593 936 3637 seer
949 3568 991 3638 de

162 3716 170 3738 s
227 3694 322 3742 avere
347 3687 427 3736 emro
451 3669 490 3736 de
514 3665 655 3736 denariis
682 3665 772 3736 illius
797 3667 925 3749 everis,
950 3672 990 3737 de

228 3760 288 3867 prro
310 3763 473 3861 solvissent
496 3765 604 3863 prius.
644 3771 672 3837 S
672 3766 685 3836 i
722 3763 872 3856 masorem
896 3766 989 3839 inve-

221 3869 382 3960 sliriesrem
408 3865 545 3962 fecissent
552 3918 564 3951 ,
594 3868 728 3959 solvarr
760 3871 801 3939 de
834 3868 896 3940 illa
920 3896 989 3940 ma-

118 4014 121 4020 ,
224 3967 292 4068 jori
318 3970 534 4056 invellieime.
574 3973 670 4063 ‚Quod
702 3977 847 4043 eredamr
879 3970 990 4063 saera-

1096 3258 1184 3345 riae,
1219 3273 1267 3333 er
1293 3253 1408 3331 solvat
1447 3261 1619 3346 Rivariis,
1657 3268 1855 3361 Canonieis,

1097 3359 1141 3426 θ
1167 3355 1321 3448 Episcopo
1359 3357 1544 3436 duodecim
1584 3364 1790 3463 Imperiales
1814 3369 1859 3445 de

1097 3457 1228 3539 Libra,
1255 3458 1288 3527 ἃ
1317 3457 1359 3530 de
1386 3461 1495 3534 Libra
1522 3462 1630 3537 sraela
1651 3490 1756 3537 unum
1783 3465 1860 3543 lm·
1935 3469 1937 3474 ’

1099 3558 1263 3655 perialem
1302 3557 1344 3630 de
1378 3560 1504 3632 Soldo.
1550 3567 1600 3634 Er
1640 3593 1662 3639 a
1697 3568 1860 3657 senrmm'a

1100 3655 1197 3750 ipfins
1222 3657 1316 3751 Miffi
1350 3663 1484 3732 Domini
1518 3670 1627 3758 Papae
1663 3666 1711 3746 &¹
1747 3671 1861 3743 Riva-

1099 3760 1213 3829 riorum
1240 3786 1325 3829 memo
1345 3761 1381 3853 se
1406 3765 1562 3855 appeller.
1597 3773 1646 3839 Er
1671 3772 1710 3840 de
1732 3770 1861 3862 judica·

1100 3861 1181 3930 ruris
1201 3859 1268 3950 sori
1281 3861 1462 3934 olivarum
1488 3866 1604 3938 habear
1622 3872 1796 3964 Episcopus
1815 3878 1861 3948 D·

1099 3962 1253 4032 Canoniei
1277 3963 1472 4034 meaieramm
1486 3993 1507 4052 ‚·
1542 3967 1589 4046 &1
1627 3977 1666 4040 de
1699 3979 1768 4047 alia
1795 4003 1860 4049 me.

216 4093 332 4144 ‚mmo
356 4069 453 4167 ipsius
475 4093 531 4169 pn
556 4090 655 4141 aarum
679 4098 824 4152 annum,
851 4071 899 4154 ψ
922 4072 989 4166 [01.
1030 4065 1060 4136 Ε
1099 4064 1217 4136 dirrare
1250 4069 1290 4133 ds
1324 4061 1402 4134 odio
1436 4069 1590 4138 Denariis
1623 4072 1737 4146 habear
1763 4083 1858 4149 Nun.

230 4196 313 4248 vanr
338 4176 466 4247 ranrlrm
489 4176 532 4244 dr
554 4198 619 4242 rina
645 4197 750 4243 noue.
779 4178 861 4244 Tora
886 4170 988 4247 Mar-

230 4274 310 4350 chia
337 4281 508 4350 Anconae
535 4273 649 4347 solvat
674 4271 718 4343 de
752 4268 862 4344 fundo
887 4275 988 4348 navis

230 4376 427 4453 duodecim
442 4375 645 4474 imperiales
681 4373 716 4442 in
742 4377 843 4442 mnae
867 4370 915 4450 ἐφ’
940 4400 989 4446 re-

188 4491 193 4503 ’
231 4481 374 4568 deundo,
400 4477 449 4558 (o
475 4502 583 4553 unum
610 4498 751 4548 orreum
778 4473 850 4550 olei
869 4473 912 4548 ‹ie
931 4474 990 4548 vi·

230 4574 325 4675 gimi
342 4581 499 4680 quinque
518 4573 661 4664 Libris,
687 4576 988 4673 promoverim,

230 4678 270 4746 de
294 4680 438 4774 qualibet
462 4683 572 4769 navi,
610 4677 660 4759 ῥ’
684 4679 725 4749 de
749 4679 885 4775 quolibet
909 4705 990 4751 ave·

165 4794 168 4799 '
230 4803 283 4852 re.
322 4785 407 4850 Tora
432 4779 564 4879 Apulia
591 4777 706 4853 solvat
741 4805 805 4878 pso
830 4779 989 4874 qualibet

215 4908 321 4958 nave
361 4880 449 4957 duos
481 4907 604 4956 orceos
652 4875 723 4955 olei
772 4880 815 4952 de
855 4877 989 4980 viginti

231 4988 388 5093 quinque
413 4981 537 5066 Libris
561 5009 625 5086 pro
651 5003 776 5058 urceo.
811 4990 862 5059 De
886 4981 990 5083 quoli-

1100 4168 1165 4234 rius
1190 4163 1323 4236 Domini
1356 4170 1465 4256 Papae
1498 4190 1562 4239 rres
1589 4176 1770 4263 Denaries,
1810 4179 1859 4259 ὑ·

1099 4271 1267 4336 Commune
1303 4267 1470 4339 Ferrariae
1509 4274 1665 4345 Denarios
1709 4299 1778 4352 ram
1819 4287 1862 4359 ab

1099 4392 1153 4446 ea,
1178 4369 1234 4461 qai
1260 4365 1403 4448 amittit,
1429 4373 1523 4464 qudm
1548 4371 1674 4444 abillo
1698 4383 1754 4472 qul
1779 4387 1862 4458 ahgi.

1101 4486 1172 4539 ner.
1199 4471 1246 4538 Er
1271 4470 1312 4538 de
1336 4472 1540 4558 stazonarico
1573 4476 1613 4543 de
1642 4473 1712 4562 sorr
1744 4483 1862 4556 ,laessi

1100 4568 1246 4640 Marrini
1285 4569 1343 4640 nil
1372 4570 1486 4643 babeas
1524 4574 1695 4669 Episcopus
1720 4580 1771 4660 (pr
1786 4590 1862 4657 ⁴cp.

1100 4670 1225 4758 nonici,
1263 4671 1323 4765 sed
1360 4675 1530 4744 Commune
1570 4675 1684 4748 habear
1726 4685 1864 4780 quinque

1100 4774 1256 4849 Denarios
1298 4779 1338 4846 de
1377 4771 1446 4842 odio
1479 4774 1633 4865 Denariis
1671 4811 1739 4856 cum
1766 4784 1865 4878 Missa

1101 4877 1236 4950 Domini
1262 4885 1389 4971 Papae.
1417 4877 1527 4946 Omnis
1547 4875 1705 4969 sorensis,
1731 4892 1788 4984 qni
1807 4889 1866 4976 sa-

1100 4982 1143 5054 sir
1161 4980 1331 5071 stationem
1356 4979 1391 5055 in
1412 4981 1573 5053 ¹Mercaris
1600 4988 1789 5073 ferrariae,
1813 4987 1862 5067 ἐφ’
