4216 6014
291 356 370 440 51¹
556 250 1003 447 ANTIQytT.
1051 320 1317 418 MEDH
1356 320 1545 414 ΑΕΗ
1720 353 1803 441 ςη

229 433 345 520 larum
373 444 461 521 disci
489 444 585 522 linae
620 472 661 522 ac
694 445 863 546 regimini
892 445 998 520 ltalia
1034 426 1075 522 A'
1105 450 1191 542 Lege
1214 443 1386 536 [matur.
1425 441 1613 534 Praecipue
1636 447 1720 519 verb
1747 445 1869 544 plures

230 545 394 623 universa
422 473 490 624 sese
520 551 615 623 ultra
642 546 762 620 sensum
791 546 997 637 addixerit,

232 647 268 718 &
296 649 511 748 reliquarum
539 653 675 748 Legum
712 672 783 720 uon
821 646 883 721 usu
915 667 993 722 tan-

231 751 337 832 clun,
374 753 428 828 sed
461 750 499 825 dt
535 774 680 822 nomme
715 747 857 821 taudem
886 775 995 849 paene

229 853 402 943 exoleto,
437 876 544 926 unum
580 855 641 941 lus
678 856 881 925 Romanum·
913 852 993 925 uni·

231 951 349 1026 versos
389 952 459 1026 sere
500 953 626 1028 ltaliae
667 954 821 1053 Populos
865 952 994 1026 exinde

230 1051 502 1129 constrinxerit.
547 1055 645 1129 Huic
680 1074 798 1128 autem
833 1060 993 1137 Statura,

228 1150 300 1226 sive
325 1160 425 1254 Leges
450 1156 689 1253 Municipem,
714 1153 996 1251 praeferebantur

228 1250 385 1344 semper,
411 1258 446 1330 δι
472 1257 586 1332 adhue
614 1254 878 1358 praeferuntur3
909 1276 995 1331 tunc

1106 546 1309 636 invaluere,
1329 545 1508 646 postquam
1535 543 1664 644 Populi
1682 571 1749 619 nou
1777 570 1867 644 pau·

1105 647 1140 721 ci
1177 674 1222 722 ex
1250 649 1386 722 Italicis
1422 647 1461 721 in
1487 649 1689 721 libertatem
1724 647 1867 719 assurre-

1104 775 1208 832 xere,
1237 751 1272 822 ἃ
1300 749 1360 823 sub
1386 747 1606 823 Consulibus
1635 775 1699 848 pro
1726 743 1867 820 necessr-

1103 867 1177 923 tate
1203 874 1244 922 ac
1280 850 1441 925 utilitate
1466 848 1620 929 Civium
1658 847 1870 922 constituere

1102 952 1215 1024 multa
1243 972 1453 1051 coeperunt.
1480 949 1703 1026 ctariffimus
1730 949 1795 1023 Vir
1823 952 1872 1024 D.

1101 1051 1222 1126 Guido
1250 1053 1428 1127 Grandius
1456 1052 1577 1127 Abbas
1613 1050 1873 1127 Camaldulen·

1103 1151 1142 1227 fis
1171 1156 1360 1229 nonnullas
1388 1181 1432 1228 ex
1465 1153 1560 1227 lusce
1587 1151 1877 1228 Constitutioni-

1104 1255 1166 1328 bus
1207 1283 1227 1330 a
1265 1254 1388 1329 Pisana
1431 1255 1625 1348 Republica
1663 1253 1874 1329 efformatas

227 1355 325 1430 euim
357 1356 532 1434 duntaxat
563 1359 607 1433 ad
637 1363 833 1432 Romanam
862 1361 994 1458 Legem
1037 1373 1066 1445 Β
1104 1359 1214 1429 Anno
1243 1353 1876 1433 MC·va1.MCLv1.&subse-

226 1459 441 1544 reeurritue,
478 1461 542 1534 ubi
577 1465 716 1534 Statuta
752 1459 847 1532 nihil
873 1479 998 1531 contra

227 1558 434 1636 decrevere.
459 1561 560 1656 Quid
586 1580 705 1635 tamen
730 1584 836 1634 uuam
862 1562 996 1660 Legem

229 1659 311 1736 laeic
343 1659 526 1740 memoro?
562 1661 669 1757 Quasi
698 1660 869 1737 uidelicet
901 1660 995 1735 obli·

228 1777 323 1852 tus,
363 1762 488 1839 iisdem
533 1763 752 1860 temporibus
792 1762 996 1837 succrevisse

229 1862 425 1940 immanem
453 1866 554 1940 illam
582 1864 754 1965 ejusmodi
787 1863 995 1964 Municipe-

111 1987 115 1998 ·
229 1965 322 2040 lium
360 1971 527 2067 Legum.
567 1965 638 2041 sive
677 1970 897 2042 statutorum
939 1966 996 2040 fil-

229 2089 338 2160 vam‚
373 2096 462 2167 quae
497 2096 590 2144 nunc
618 2068 761 2145 Italiam
794 2067 904 2143 serme
939 2087 996 2142 to·

229 2184 306 2244 tam
330 2192 545 2272 occupatae
569 2171 720 2272 premit.
743 2172 853 2266 Quod
877 2173 915 2245 in
939 2169 997 2245 di·

1103 1455 1324 1554 quentibus‚
1364 1478 1470 1556 atque
1510 1460 1548 1532 in
1584 1462 1692 1533 MSto
1727 1457 1874 1533 Codice

1102 1557 1215 1632 adbuc
1241 1558 1392 1635 seruatas
1408 1608 1420 1643 ,
1455 1560 1616 1636 laudavit
1649 1560 1687 1637 in
1715 1559 1873 1660 Epistol.

1101 1658 1144 1734 de
1181 1659 1391 1736 Pandrffis.
1430 1662 1611 1760 Nusquam
1646 1680 1763 1737 tamen
1802 1661 1876 1736 de·

1102 1779 1197 1836 creta
1230 1762 1400 1860 ejusmodi
1429 1764 1473 1838 ab
1510 1763 1666 1838 Urbibus
1693 1761 1875 1847 condita,

1102 1862 1283 1960 compulsa
1318 1862 1460 1936 suerunt
1497 1862 1535 1935 iu
1572 1888 1682 1936 unum
1718 1887 1876 1957 corpus,

1102 1961 1162 2038 cui
1188 1969 1390 2037 statutorum
1414 1964 1596 2055 compilatio
1614 1987 1745 2037 nomen
1764 1964 1871 2041 esset.

1104 2071 1156 2138 At
1204 2065 1384 2165 postquam
1430 2060 1469 2139 iu
1513 2068 1602 2141 Pace
1640 2063 1870 2143 Constantine

1101 2165 1301 2242 fridericus
1315 2168 1345 2245 l.
1361 2166 1537 2270 Augustus
1551 2162 1735 2242 foederatis
1751 2170 1867 2263 Lom-

230 2273 334 2348 tione
355 2271 570 2349 Sereniffimi
592 2274 668 2348 heri
689 2276 760 2348 mei
782 2275 893 2348 Ducis
913 2277 998 2355 Mu·
1034 2280 1070 2355 C
1101 2269 1287 2344 bardorum
1303 2266 1533 2347 Civitatibus
1555 2269 1696 2367 Regalis
1709 2265 1757 2349 &
1774 2272 1865 2343 Criu·

229 2374 331 2450 tinae
350 2374 482 2451 fastum
504 2378 705 2457 iutuemur,
733 2374 904 2450 nimirum
925 2402 998 2449 non

231 2473 418 2550 Civitates
444 2498 607 2561 tantum,
634 2477 688 2551 sed
715 2479 749 2548 dt
777 2479 918 2576 Oppida
943 2477 955 2550 i
982 2519 997 2534 ·

233 2572 291 2655 sa,
328 2576 441 2648 immo
468 2580 503 2648 dt
532 2579 673 2675 aliquot
699 2574 879 2666 Castella‚
917 2605 997 2668 pro-

231 2675 313 2773 ptio
339 2680 480 2748 Statuto
508 2677 609 2774 regi,
644 2676 737 2749 idem
770 2682 808 2749 iu
835 2680 997 2775 complu·

232 2774 330 2849 ribus
356 2777 461 2864 altis,
486 2778 633 2864 ltaliae,
658 2777 822 2863 Galliae,
848 2782 997 2854 Germa·

232 2877 336 2964 niae,
363 2879 585 2977 aliorumque
615 2884 815 2977 Regnorum
845 2880 996 2955 Provin-

231 2980 299 3054 ciis
325 2977 366 3056 &
393 2981 482 3055 locis
508 2979 729 3056 notissimum
755 2980 803 3057 esl
833 2981 997 3056 observa·

231 3080 286 3157 ri:
315 3085 409 3182 quod
435 3105 570 3183 quanto
594 3085 824 3160 incommodo
851 3082 891 3157 fit
918 3105 995 3159 tum

229 3187 371 3287 Legum
392 3185 575 3273 lludiolis,
612 3208 688 3264 turn
718 3186 864 3288 Populis
892 3185 996 3287 ipsis.

1097 2372 1281 2465 lueradmes
1304 2370 1492 2457 coneedit,
1521 2370 1591 2446 five
1615 2369 1867 2468 confirmantes

1101 2492 1188 2548 tunc
1214 2492 1359 2569 coeptae
1385 2473 1465 2548 sunt
1491 2472 1691 2550 accuratius
1716 2499 1755 2549 ac
1788 2470 1863 2551 sae·

1102 2576 1180 2673 pius
1215 2575 1393 2650 efformari
1435 2580 1575 2671 Leges,
1616 2570 1762 2678 quibus
1781 2575 1867 2654 esset

1100 2677 1225 2749 autin
1257 2675 1428 2775 praesenti
1466 2675 1693 2765 necestitate,
1727 2697 1792 2754 aut
1824 2675 1866 2755 in

1101 2774 1272 2877 posterum
1317 2778 1527 2876 Respublica
1564 2807 1602 2854 re
1626 2781 1736 2855 enda.
1783 2783 1866 2857 Hae

1100 2897 1218 2953 autem
1260 2880 1299 2953 in
1342 2893 1450 2955 un'um
1492 2884 1585 2957 colle
1626 2909 1690 2974 ae,
1727 2887 1867 2959 dmm

1100 2983 1297 3081 appellatae
1325 2978 1431 3063 sunt,
1466 3010 1557 3082 quae
1593 2985 1711 3086 primo
1737 3011 1865 3086 paucas

1101 3083 1244 3183 paginas
1268 3083 1484 3184 implerunt,
1512 3106 1591 3162 tum
1616 3085 1868 3188 supervenien-

1101 3183 1196 3259 tibus
1231 3185 1271 3259 iu
1301 3187 1375 3260 dies
1410 3186 1515 3263 novis
1552 3188 1701 3266 decretis
1735 3189 1863 3291 juslutn

231 3314 304 3363 non
329 3289 380 3362 ell
405 3289 558 3365 inllituti
587 3296 656 3365 mei
693 3316 787 3364 nunc
812 3288 998 3364 disserere.
1034 3313 1070 3382 1)
1103 3290 1271 3362 volumen
1298 3289 1439 3362 tandem
1472 3291 1749 3370 constituerunt.
1777 3302 1865 3367 Cen·

232 3390 327 3459 lllud
356 3389 459 3461 unice
483 3392 683 3476 adnotabo,
708 3394 884 3490 originem
912 3396 996 3465 Mu·

231 3487 443 3584 nicipalium
481 3492 647 3585 Legum,
682 3488 705 3559 st
741 3493 827 3586 quid
864 3491 996 3574 video,

229 3583 446 3659 referendam
467 3587 533 3658 effe
555 3591 597 3658 ad
625 3609 784 3688 tempora
808 3588 995 3689 subsequu-

136 3757 137 3760 ,
230 3703 269 3762 ta
295 3687 420 3759 Pacem
445 3685 694 3780 constantiae,
718 3715 829 3782 quae,
853 3709 893 3766 ut
916 3719 994 3766 eru·

229 3784 302 3861 diti
329 3807 481 3868 norunt,
508 3787 660 3864 llabilita
687 3788 732 3866 ell
756 3793 867 3867 Anno
886 3793 994 3869 Chri·

228 3887 273 3965 Ri
300 3893 582 3968 Mthxxut.
607 3892 700 3970 inter
723 3894 942 3972 fridericum
966 3903 993 3971 l.

229 3991 458 4091 Augullum,
498 3993 539 4068 de
586 3998 766 4072 Civitates
806 3999 994 4075 societatis

228 4095 539 4173 Lombardorum.
576 4099 695 4169 Antea
733 4121 829 4176 certe
857 4104 993 4197 Consur-

1096 3389 1281 3479 sueeudines
1314 3390 1423 3464 etiam
1461 3415 1684 3494 nuncupatae
1721 3394 1801 3472 sunt
1824 3421 1864 3473 e·

1099 3488 1252 3592 jusmodi
1281 3495 1393 3589 Leges
1407 3542 1419 3575 ‚
1455 3495 1510 3569 uti
1539 3499 1775 3599 Du·Cangius
1799 3525 1863 3574 an·

1100 3613 1157 3665 tea
1192 3591 1231 3663 in
1257 3596 1435 3669 Glossario
1469 3599 1605 3673 Latino
1638 3598 1859 3674 animadver-

1099 3692 1167 3768 tit.
1193 3696 1341 3794 Jamque
1367 3718 1449 3771 ante
1475 3702 1619 3775 Annum
1645 3703 1859 3780 Mccvm.

1098 3792 1283 3869 conditum
1301 3797 1400 3872 suisse
1419 3806 1581 3873 Seram
1597 3803 1758 3878 civitatis
1775 3807 1861 3876 Fer·

1099 3899 1228 3982 rarior,
1263 3898 1301 3973 in
1340 3901 1521 4002 Antiquit.
1556 3901 1684 3978 tuens.
1724 3903 1862 3985 Paul.

1050 4043 1051 4046 π
1098 3994 1190 4100 Cap.
1219 4025 1279 4099 39.
1305 4000 1460 4093 ostendi,
1486 4003 1657 4101 produRo
1683 4010 1863 4106 Decimo,

1098 4128 1170 4200 quo
1207 4104 1431 4179 Ferrarienfis
1467 4110 1622 4206 Populus
1655 4112 1767 4187 Auno
1800 4137 1863 4188 eo·

229 4190 356 4271 rudines
382 4198 552 4297 quaedam
589 4196 752 4271 invedlae
779 4199 918 4277 fuerant
954 4205 992 4280 iu
1028 4225 1058 4296 Ε
1097 4205 1178 4279 dem
1202 4213 1374 4300 Aerem
1412 4214 1468 4283 VI.
1495 4212 1713 4286 Mmbim
1741 4214 1860 4302 Ellen-

228 4300 301 4377 sere
318 4303 480 4376 omnium
504 4299 655 4375 Urbium
678 4302 859 4401 regimen3
880 4305 993 4380 immo

228 4402 310 4475 illae
338 4432 401 4501 pro
428 4405 569 4499 Legibus
602 4401 845 4483 habebantur,
882 4431 990 4500 quum

227 4496 290 4570 bas
326 4506 416 4601 ipsas
441 4503 595 4581 Carolus
627 4503 784 4605 Magnus
820 4506 992 4604 probasset

184 4603 186 4608 ’
227 4597 267 4670 in
307 4604 401 4702 Lege
432 4609 654 4706 Langobard.
686 4613 768 4689 148.
804 4633 909 4707 quam
946 4636 989 4684 ex

226 4696 353 4770 Iliensi
381 4707 516 4778 Codice
545 4735 611 4805 rgo
642 4715 793 4802 primum
823 4712 990 4808 evulgavi

226 4802 320 4876 Part.
347 4800 395 4876 ll.
420 4804 530 4874 Tomi
559 4810 585 4875 l.
611 4812 693 4880 Rer.
720 4811 873 4885 l-talicat.
900 4816 987 4886 Eam

224 4905 306 4982 heic
330 4922 471 5003 repeto:
502 4912 544 4976 Ur
567 4907 663 5004 longa
684 4913 888 5005 consuendo,
911 4943 991 5013 quae

223 5010 400 5087 militarem
430 5006 594 5112 publicam
631 5037 693 5088 non
731 5013 901 5114 imperis,
931 5042 990 5116 pn

1091 4305 1158 4394 sem
1183 4304 1245 4378 fibi
1274 4327 1479 4406 perpetuum
1516 4310 1698 4390 dominum
1725 4314 1859 4418 elegit.

1096 4405 1152 4479 lbi
1179 4404 1264 4481 baec
1290 4408 1483 4488 habentur:
1519 4416 1740 4508 Adiieiemr,
1773 4423 1863 4515 qued

1093 4510 1133 4578 de
1157 4513 1260 4581 Anne
1285 4513 1321 4583 in
1346 4522 1485 4589 Annum
1519 4520 1574 4592 bec
1598 4513 1761 4595 smmi·
1790 4519 1862 4615 fit·

1095 4629 1215 4693 matur,
1245 4614 1290 4684 dr
1313 4637 1412 4689 cetera
1431 4620 1535 4717 supra
1557 4623 1672 4715 dida,
1707 4623 1752 4704 d
1778 4624 1862 4715 scri·

1095 4715 1211 4784 bantur
1245 4714 1281 4786 in
1315 4743 1436 4815 corpore
1469 4729 1669 4799 starum
1704 4723 1781 4806 &n
1815 4730 1863 4803 Et

1094 4816 1290 4902 Staturarir‘,
1316 4823 1374 4917 qui
1394 4847 1453 4921 pro
1477 4846 1613 4918 eempm
1636 4828 1782 4918 fuerint,
1808 4842 1862 4906 oce

1094 4922 1280 5002 staturum.
1316 4925 1359 4992 θ
1388 4926 1581 5016 supradida
1606 4952 1773 5004 emautur
1792 4930 1861 5019 fir·

1095 5043 1201 5117 mare,
1224 5019 1274 5105 (γ’
1292 5021 1392 5121 [crin
1410 5028 1514 5125 [arm
1538 5031 1577 5106 rit
1599 5034 1759 5110 dmin
1774 5037 1860 5123 staff

1717 5151 1808 5212 ΜΟ·
