4216 6014
284 328 371 427 '109
562 267 990 404 *nrmaur'nrro
1020 307 1432 404 rtncrtnruoua⁸
1678 315 1680 320 ·
1734 343 1816 400 110

226 429 387 520 testificati
407 433 506 524 lunt,
545 439 629 528 quod
655 452 776 507 contra
816 432 987 535 justiciam
1031 439 1079 534 Ag
1104 429 1167 500 Ubi
1192 455 1286 524 quum
1312 431 1376 499 iter
1400 426 1598 522 attinuerat,
1626 430 1780 504 Dominus
1803 434 1865 500 lm·

225 532 374 631 ospitati
415 532 581 627 fuerunt,
622 537 657 607 δι
697 561 768 607 non
811 533 904 608 redle
930 559 988 608 eos
1101 552 1226 626 perator
1266 529 1361 624 recipi
1400 535 1511 603 debeat
1533 554 1590 627 prr
1609 531 1744 629 fingnla
1770 530 1870 602 mini·

226 633 381 731 ospitare
408 635 549 710 debere.
585 641 729 726 Experto
762 663 798 707 ac
831 636 989 718 writate,
1096 630 1220 718 steria.
1250 631 1313 702 Ubi
1336 627 1380 701 ab
1406 654 1441 699 ee
1463 629 1580 702 dimili
1604 635 1742 732 Legati.
1779 633 1870 706 Unde

227 732 393 828 Comitiffa
431 736 603 832 promifit‚
652 736 689 828 se
724 738 772 808 ita
806 737 990 828 observare,
1103 733 1148 802 eis
1174 730 1443 818 amminilitentrrr
1475 733 1619 829 obsequia
1645 734 1770 831 (idest
1806 759 1868 807 ex·

228 837 275 906 &⁶
299 836 464 911 omnibus
499 835 567 911 luis
603 834 780 911 Ministris
806 839 990 912 mandarit
1101 831 1228 932 pensae
1254 832 1295 905 ad
1325 830 1497 906 viaticum
1524 835 1558 905 &
1587 833 1750 934 tedium)
1779 837 1869 908 Unde

112 1025 115 1032 A
230 933 379 1010 &dedit
399 960 596 1035 preceptum,
624 964 815 1038 numquam
838 942 990 1037 amplius
1104 939 1345 1008 Paranereatae.
1374 937 1427 1007 De
1454 931 1509 1007 hie
1528 934 1646 1008 crebra
1668 938 1803 1010 mentio
1822 933 1869 1010 est

230 1063 278 1107 ees
303 1039 457 1130 effluitare.
1105 1032 1143 1107 in
1170 1031 1308 1109 Codice
1334 1033 1606 1126 Theodofiano,
1633 1037 1667 1108 dt
1696 1039 1733 1109 in
1758 1035 1871 1135 Capi·
1985 1039 1987 1042 ⁴

279 1139 416 1233 Signum
442 1168 573 1214 manns.
608 1131 703 1214 EGO
733 1146 995 1215 comitissa!
1104 1136 1278 1212 tularibus
1321 1142 1456 1237 Regum
1486 1142 1727 1211 Francorum.
1767 1140 1870 1211 Prae·

254 1317 257 1323 ,
380 1239 643 1310 MATlLDA.
1104 1252 1199 1310 terea
1226 1265 1346 1312 currus
1372 1241 1414 1313 ab
1442 1240 1565 1338 equis,
1602 1259 1664 1313 aut
1699 1238 1870 1312 saltema

277 1335 384 1432 Signa
422 1364 573 1409 mannum
609 1337 745 1410 Giraradi
782 1348 822 1408 de
855 1342 991 1426 Placia,
1037 1345 1067 1416 B
1105 1335 1238 1426 bobus,
1279 1354 1320 1408 ut
1344 1340 1502 1433 opinor,
1542 1340 1757 1431 trahendos,
1784 1364 1870 1413 con·

229 1437 399 1517 Rolanda,
442 1439 656 1528 Manfredar,
696 1438 902 1534 Segnoretii,
929 1438 992 1509 Ga'·
1106 1430 1196 1505 lerre
1221 1436 1407 1530 oportebat
1446 1434 1485 1507 in
1525 1434 1620 1511 idem
1656 1462 1768 1535 opus.
1810 1440 1871 1512 Ab

154 1540 157 1545 '
229 1540 329 1608 aberra
362 1539 629 1620 damianae,
664 1542 818 1632 stltttr
844 1542 992 1636 Alegra.
1106 1531 1308 1631 hujusmodi
1342 1559 1448 1606 onere
1481 1558 1591 1632 quum
1629 1533 1664 1609 se
1690 1536 1867 1613 immunes

229 1638 310 1710 Alii
336 1639 502 1729 interfuere
527 1642 638 1724 restes.
1107 1632 1276 1731 (quade
1302 1631 1417 1707 caussa
1445 1635 1588 1734 nescio)
1614 1642 1869 1715 contenderent

227 1810 230 1815 .
280 1744 353 1833 Ego
378 1749 450 1813 Are
474 1743 628 1813 Notarius
646 1742 782 1834 seribere
817 1741 993 1836 pnsstedita
1105 1731 1242 1808 Clerici
1279 1734 1523 1808 Cremonenfis
1561 1737 1762 1828 Dioecesrs,
1802 1763 1870 1813 tam

230 1841 383 1927 complevi
409 1844 453 1910 tt
477 1843 553 1912 dedi
566 1895 575 1914 .
735 1903 738 1908 .
1104 1838 1144 1905 de
1168 1833 1343 1917 Plebibur,
1379 1835 1447 1910 hoc
1471 1836 1518 1908 est
1543 1837 1586 1912 de
1613 1839 1775 1914 Eccleliic
1805 1846 1869 1915 Pa·

284 1941 409 2036 Nuper
454 1939 494 2013 in
533 1939 685 2015 formula
725 1939 894 2015 Marculli
923 1946 996 2014 rne-
1104 1934 1342 2027 rochialibus,
1368 1937 1442 2010 ruri
1469 1935 1564 2028 suis,
1590 1967 1744 2035 quamque
1767 1945 1812 2010 (t
1829 1945 1870 2012 de

226 2055 388 2113 *moratos
415 2038 572 2114 vidimus
608 2046 740 2113 Venetas
764 2040 813 2120 (y
851 2048 995 2114 Parave-
1103 2038 1652 2128 Oracuiis‚ve10rataaiis,boc
1679 2040 1868 2116 ellEccle·

231 2144 337 2212 ardos.
383 2143 430 2212 Et
474 2140 542 2212 lroc
581 2141 676 2213 inter
709 2143 851 2240 publica
889 2166 996 2214 onera
1102 2134 1162 2209 sris
1195 2163 1268 2211 non
1309 2137 1601 2236 baptismalibus,
1643 2141 1686 2214 ad
1730 2141 1867 2218 Lotha-

229 2264 324 2312 uunc
370 2239 462 2313 mihi
507 2242 805 2317 enumerandum.
847 2240 996 2315 Scilicet
1032 2267 1065 2340 C
1103 2235 1262 2310 rium'l.
1297 2236 1549 2336 imperatorem
1594 2238 1668 2314 suas
1707 2247 1865 2340 querelae
2010 2327 2013 2331 ,

229 2338 326 2414 bisce
361 2339 508 2415 vocibus
536 2361 607 2415 tam
636 2341 718 2439 equi
753 2341 994 2443 defignantur,
1103 2362 1144 2411 ac
1170 2363 1286 2437 preces
1311 2339 1489 2425 detulere,
1524 2339 1640 2415 eidem
1666 2339 1864 2442 srgniiican·

230 2438 270 2512 in
305 2438 434 2536 quibus
470 2443 672 2539 equitatur,
709 2446 814 2541 qulm
852 2443 914 2541 qui
952 2443 994 2515 ad
1073 2384 1155 2513 ltes
1181 2439 1358 2530 Parafrada
1395 2439 1410 2536 (
1426 2440 1519 2514 idern
1549 2441 1595 2515 est
1617 2469 1661 2517 -ae
1687 2451 1865 2517 Paravere-

230 2537 381 2614 sarcinas
415 2540 615 2617 deferendas
652 2543 831 2618 necellarii
867 2561 994 2634 erant,
1101 2541 1137 2612 di
1152 2541 1166 2637 )
1193 2539 1241 2617 &
1266 2567 1356 2612 carra
1380 2544 1424 2612 ad
1448 2547 1613 2614 Cannam
1637 2551 1865 2635 deportandam

232 2665 322 2738 quos
360 2643 595 2739 provinciales
631 2644 849 2744 suppeditare
889 2668 993 2744 enge·
1103 2637 1165 2713 fibi
1202 2640 1325 2739 injulle
1365 2640 1465 2715 luilie
1501 2664 1666 2720 extorta.
1706 2649 1865 2720 Contro-

231 2742 360 2817 bantur
387 2744 498 2843 Regi,
525 2744 666 2845 ejusque
690 2746 905 2830 comitivae,
932 2763 994 2820 aut
1105 2739 1246 2816 verfiam
1274 2740 1373 2817 illam
1402 2741 1474 2841 post
1501 2763 1680 2821 maturum
1718 2773 1867 2822 examen
1925 2773 1928 2785 ·

231 2837 350 2916 Miffis
380 2845 526 2938 Regiis,
554 2865 614 2920 aut
641 2847 875 2941 comitibus,
911 2846 993 2920 alii·
1103 2842 1318 2918 diremerunt
1370 2843 1560 2919 Rudlaldus
1601 2846 1686 2920 sacri
1736 2847 1869 2924 Palatii

230 2940 315 3039 sque
352 2944 580 3044 Reipublicae
616 2947 818 3036 Ministris,
854 2946 994 3047 quoties
1104 2946 1338 3044 Capelianus,
1374 2947 1561 3020 Maurinus
1596 2945 1729 3022 Comes
1768 2950 1868 3023 Pala·

230 3041 423 3119 ineundum
458 3067 539 3125 erat
565 3047 709 3145 aliquod
746 3048 834 3124 iter.
871 3047 993 3124 Ludo·
1105 3043 1174 3135 tii,
1200 3047 1236 3117 dc
1264 3043 1437 3145 Adalgius
1464 3044 1620 3128 Comes,
1656 3065 1696 3120 ut
1721 3074 1765 3121 ex
1792 3048 1868 3149 eju·

231 3143 333 3219 uicus
370 3149 416 3220 11.
460 3149 634 3248 Augustus
675 3148 714 3223 in
750 3148 925 3224 mandatis
952 3145 995 3219 ad
1034 3169 1069 3239 1)
1105 3144 1199 3218 sdem
1249 3145 1417 3221 Lotharii
1463 3149 1670 3243 Diplomate
1710 3150 1867 3248 patebit,
1928 3237 1930 3241 Α

231 3247 411 3342 Legatos,
438 3251 532 3321 Part.
554 3253 600 3323 11.
626 3249 740 3323 Tomi
766 3248 795 3323 I.
824 3254 902 3324 Rer.
921 3249 996 3322 lta·
1104 3244 1198 3341 quod
1226 3269 1245 3314 e
1287 3245 1431 3343 Regesto
1472 3247 1691 3346 Episcopalis
1734 3248 1865 3323 Palatii

233 3342 334 3416 licar.
371 3371 448 3445 pag.
479 3369 562 3443 159.
589 3347 839 3446 inquirendum
874 3349 993 3448 jubet:
1071 3343 1347 3419 lCremonenlis
1374 3342 1554 3445 descripsr.
1937 3349 1940 3354 ’

234 3561 450 3650 Lothariuc
480 3570 513 3651 Ι.
544 3570 765 3682 imperator
806 3566 982 3655 Clerlcoc
1021 3563 1215 3652 Dioecefie
1246 3567 1520 3652 Cremonenfie
1564 3591 1870 3686 conquerentes,

353 3683 460 3796 quod
485 3682 690 3820 parafreda
732 3689 769 3770 dr
812 3715 950 3825 currus·
974 3683 1158 3890 praeliare
1191 3682 1328 3821 'coabii
1352 3681 1513 3818 ‘initient
1535 3687 1606 3824 .².‘¹
1636 3685 1755 3775 leuvi-

465 3820 566 3890 trum
591 3807 783 3889 Camenae
806 3808 975 3917 Imperia
1007 3832 1047 3911 r,
1067 3797 1170 3889 saul
1188 3803 1440 3915 inquisitione
1459 3803 1649 3915 Jullrttae,

435 3992 440 3997 .
592 3923 641 4005 ab
666 3919 890 4033 hujusmodi
912 3948 1029 4009 onere
1049 3918 1243 4030 ablolvit,
1271 3926 1394 4005 Anno
1423 3926 1447 4006 8
1455 3950 1522 4034 35.

285 4154 323 4222 N
343 4150 465 4224 nemine
491 4153 627 4224 Domini
659 4153 755 4238 nostri
770 4161 801 4246 J
803 4155 854 4246 esu
879 4152 1000 4241 Cbrilli
1044 4159 1074 4228 E
1115 4178 1208 4224 mus.
1236 4154 1342 4249 igitur
1366 4174 1472 4225 matum
1488 4154 1538 4240 stt
1558 4157 1703 4230 omnibus
1718 4159 1875 4253 fidelibus

310 4253 373 4323 Dei
397 4255 514 4325 eterni.
543 4255 734 4325 Hiarbarinr
759 4254 879 4327 divina
912 4257 999 4326 ordi·
1108 4252 1222 4346 sande
1246 4256 1311 4328 Dei
1335 4256 1491 4345 Ecclesie,
1527 4259 1770 4356 nostrorumque,
1802 4283 1875 4355 prr·

234 4374 333 4426 nante
369 4354 575 4442 providentia
616 4359 787 4450 imperator
810 4355 998 4453 Angustus.
1108 4354 1255 4448 sentibus
1272 4355 1396 4449 seilicet
1421 4354 1469 4436 (ν
1500 4357 1648 4448 futuris,
1683 4364 1759 4456 qaia
1797 4385 1876 4432 om·

235 4457 275 4526 si
297 4453 508 4542 petitionibus
527 4455 689 4547 servornm
728 4458 813 4538 Dei,
849 4457 885 4527 in
921 4483 1000 4555 quas
1116 4479 1176 4530 nes
1218 4455 1404 4530 Presbiteri
1444 4459 1480 4530 δι
1519 4459 1687 4533 Parochia
1727 4463 1876 4535 Cremo-

239 4554 346 4638 nellris
370 4555 501 4628 auribus
530 4556 754 4649 patefecerint,
781 4558 916 4629 libenter
939 4587 999 4631 an·
1115 4555 1226 4631 nenfis
1261 4574 1334 4631 tam
1361 4556 1405 4631 de
1431 4558 1599 4633 Plebibus
1638 4566 1875 4661 quamque&

238 4655 383 4741 animas,
423 4654 471 4734 dr
510 4685 564 4731 ear
603 4664 649 4732 ad
685 4657 832 4756 effidem
854 4659 999 4756 perduci·
1115 4656 1158 4731 de
1192 4657 1387 4742 Oraculis,
1427 4679 1503 4732 ente
1542 4662 1676 4749 najlram
1712 4667 1876 4738 venientes

238 4781 330 4843 mus,
363 4759 416 4828 hoe
439 4757 531 4830 nabis
554 4762 659 4856 poeni
684 4760 781 4833 dnbio
819 4765 864 4834 ad
888 4786 999 4839 merce·
1111 4760 1323 4856 presentiam,
1364 4759 1462 4848 nolite
1488 4762 1692 4838 innotuerunt
1716 4767 1875 4853 calfitudi-

237 4857 291 4927 dis
318 4854 414 4940 nullm
438 4882 652 4953 angmentum,
674 4858 720 4942 (a
760 4884 897 4935 eternam
923 4861 999 4936 bea·
1116 4861 1178 4942 ni,
1205 4862 1300 4960 quod
1327 4861 1508 4939 Paraireda
1534 4866 1568 4939 dc
1597 4864 1709 4944 Carra
1735 4869 1778 4941 ad
1810 4891 1875 4938 no·

237 4957 409 5032 titudinem
435 4961 647 5051 capescendam
683 4965 840 5060 pertinere
864 4963 998 5057 confidi·
1115 4961 1217 5041 stram
1250 4966 1439 5068 §amttam
1475 4967 1725 5070 deportandam
1759 4963 1875 5140 gitstt

1787 5089 1821 5135 e-
