4216 6014
228 380 377 574 turibi
402 491 503 591 Quid
530 492 570 568 in
596 488 788 568 Veronenli
815 516 898 592 agro
925 493 994 566 1³0-

227 599 332 698 pulus
373 594 598 699 Nogarienfis
640 591 854 711 praestiterit
891 590 995 709 inpa-

227 699 413 775 moli'enda
437 696 589 775 immani
614 697 738 787 Stlra,
763 718 853 792 quae
879 692 922 768 ad
940 717 995 792 jus

229 797 409 902 spebiabat
470 793 692 875 celeberrimi
746 791 996 871 Nonantulani

607 367 975 464 nrssmrarro
1005 361 1488 460 VJGESIMAPRJMA:
1720 366 1807 482 με

1104 482 1317 560 Mutinenlir
1341 480 1545 576 coenobii,
1587 505 1642 571 tx,
1657 481 1864 565 innocentii

1103 587 1151 659 11.
1191 587 1305 682 Papae
1343 583 1479 660 Literis
1518 582 1654 667 disces.
1688 612 1774 686 quas
1799 614 1864 665 au·

1102 684 1279 767 theuticae
1326 683 1399 786 legi
1438 684 1479 760 in
1518 686 1683 766 Archino
1708 687 1862 790 ejusdem

1100 783 1332 864 Monasterii.
1865 855 1871 864 .

353 1047 511 1128 Lieeeae
543 1035 767 1127 Innocentii
797 1043 852 1128 11.
883 1043 1007 1154 Papae
1037 1038 1086 1123 ad
1114 999 1311 1149 'Papulum
1341 1029 1568 1151 Nogariae‚
1596 1032 1751 1126 circiter

776 1160 947 1244 Annum
983 1167 1109 1268 1136.
1139 1152 1321 1269 scriptae.

230 1384 472 1574 INrsoeenrius
491 1387 606 1481 seruus
624 1385 788 1480 senarum
813 1389 903 1470 Dei,
943 1387 999 1461 di·
1040 1389 1070 1460 B

180 1554 186 1558 ,
305 1491 396 1564 ledia
414 1487 504 1579 filiis
530 1487 704 1562 Militibus
741 1487 798 1583 (φ’,
825 1490 918 1564 bouis
941 1489 998 1576 bo-

232 1592 373 1664 minibus
398 1590 561 1687 Nagariae
587 1591 728 1684 fralusans
761 1594 808 1664 θ
832 1591 998 1682 Apostoli-

232 1718 300 1766 earu
325 1689 589 1764 baredidiouem.
615 1693 780 1765 Perlrtum
804 1692 849 1781 est
872 1696 918 1765 od
938 1718 997 1765 au·

235 1816 284 1863 res
322 1790 468 1879 uestrae,
506 1795 589 1888 quod
630 1792 882 1890 Nogariensenr
929 1792 998 1867 sil-

235 1914 342 1978 vam,
387 1915 494 1987 quam
537 1889 731 1967 Comitilla
774 1893 943 1967 Matildis
979 1919 997 1967 a

234 1988 453 2066 Manallerio
480 1993 738 2067 Nonantulano
764 1995 826 2068 lub
852 1992 997 2068 annuali

234 2089 398 2193 penlione
423 2094 564 2184 tenuit,
609 2091 658 2173 &¹
695 2113 865 2190 autequam
900 2121 998 2166 more-

232 2217 340 2274 retur,
366 2193 466 2264 eidem
487 2193 679 2280 Mouaslerio
696 2196 859 2277 reddidit,
885 2196 999 2270 extir-

1105 1382 1358 1486 autograpbam
1392 1401 1519 1478 teneo,
1554 1384 1640 1461 haec
1674 1390 1862 1490 leguntur:

1104 1492 1237 1558 Terram
1278 1507 1384 1558 aurem
1418 1488 1534 1578 illam,
1577 1515 1672 1584 quam
1717 1496 1867 1585 remeabo,
1948 1568 1952 1576 ,

1101 1586 1171 1677 frui
1193 1583 1289 1660 deleo
1311 1606 1370 1678 per
1392 1612 1493 1659 arnas
1529 1607 1622 1676 rres‚·
1657 1589 1761 1680 polleo
1796 1598 1869 1667 red·

1103 1691 1180 1760 dam
1222 1685 1419 1759 Terrarieum
1461 1686 1535 1766 &u
1575 1691 1619 1760 ln
1643 1691 1869 1791 Antiquitat.

1105 1784 1232 1862 Ellens.
1278 1791 1355 1862 Par.
1383 1786 1413 1861 Ι.
1439 1783 1531 1887 Cap.
1571 1811 1634 1885 40.
1667 1815 1747 1891 pag.
1780 1801 1870 1889 408.

1106 1886 1255 1965 memini
1291 1914 1349 1962 me
1373 1886 1546 1963 Chartam
1573 1888 1789 1986 producere,
1829 1895 1869 1968 in

1105 2017 1174 2090 qua
1201 1987 1244 2064 fit
1270 1989 1407 2064 mentio
1433 1992 1477 2063 de
1495 1991 1638 2084 sumplis
1655 1993 1691 2064 δι
1710 1995 1869 2087 duplis,

1107 2116 1253 2189 quarum
1281 2116 1410 2165 vocum
1431 2088 1725 2190 fignificationem
1744 2093 1870 2171 obseu-

1106 2217 1180 2265 ram
1208 2192 1269 2265 diu
1288 2190 1363 2266 sum
1385 2191 1636 2289 perscrutatus.
1666 2198 1772 2270 Nunc
1792 2223 1870 2274 mn-

232 2291 427 2395 paveritis,
466 2319 614 2393 eamque
648 2293 768 2369 vestris
794 2294 909 2371 usibus
934 2323 997 2370 ex·
1032 2287 1069 2364 C
1106 2292 1240 2367 nendus
1280 2291 1326 2365 est
1371 2291 1539 2380 Leston,
1593 2293 1687 2368 idem
1729 2303 1812 2370 Xam
1847 2327 1870 2374 a

233 2395 381 2469 colatis.
417 2400 465 2467 Er
489 2396 638 2495 quoniam
671 2396 772 2469 ualde
793 2399 997 2495 periculosum

232 2496 277 2582 est
312 2496 519 2579 Errlefiarum
562 2496 722 2588 jullisiam
766 2501 904 2571 minuere
941 2500 998 2571 uel

233 2597 386 2686 retinere,
410 2617 468 2693 per
482 2598 638 2694 presentia
655 2599 747 2671 vobis
766 2599 888 2697 scripta
906 2627 996 2674 mar·

232 2698 371 2785 damus,
405 2720 500 2794 arque
529 2699 740 2792 precipimus,
778 2722 933 2797 quatenus
957 2707 997 2773 de

231 2799 413 2885 laboribus,
439 2826 514 2895 quos
541 2801 658 2871 ibidem
683 2802 843 2883 excolitis,
875 2801 997 2893 prelati

231 2899 421 2986 Moralierii
461 2901 634 2975 Fratribus
666 2901 723 2996 jus
754 2902 850 2995 [uuus
876 2906 997 2999 iusegre

227 3001 441 3096 persolvatis.

281 3107 406 3178 Datum
434 3105 588 3178 lateram
623 3106 697 3179 ult.
724 3105 894 3179 Kalendas
927 3109 995 3179 De·

383 3207 539 3280 ermbrir.

232 3300 340 3376 Adest
359 3307 464 3374 Bulla
485 3305 671 3396 plumbea,
700 3303 822 3402 ibique
849 3304 995 3396 literae,

338 3403 691 3476 lNNOCENTlUS
718 3406 785 3477 Pl’.
815 3406 862 3478 11.

285 3502 327 3572 ln
353 3498 490 3576 Charta
518 3502 708 3578 Veronenfi
742 3503 842 3579 Anni
868 3507 997 3581 MCC·

233 3604 349 3674 XXV.
385 3610 550 3703 evulgata
594 3631 614 3679 a
652 3603 759 3679 dobin
802 3607 838 3678 δι
880 3606 997 3682 amico

230 3702 313 3777 viro
339 3705 614 3781 bartholomaeo
640 3703 887 3806 Campagnola
914 3725 995 3783 ante

230 3823 351 3878 vetera
389 3811 528 3880 statuta
569 3804 822 3882 Veronenlium
863 3808 995 3909 legitur

227 3904 389 3980 iacienda
416 3907 599 3994 restauratio
624 3908 715 3998 illis,
749 3909 864 4005 quibus
900 3909 995 3983 ablo-

229 4027 299 4079 rum
323 4028 415 4096 erar,
440 4010 496 4079 uel
522 4005 593 4103 effer
616 4012 656 4080 de
684 4009 745 4101 suo
769 4015 925 4101 Nemore,
951 4011 996 4081 θ

228 4108 331 4180 Silva
356 4108 445 4203 Gazi
469 4105 517 4186 &¹
544 4113 704 4206 lrgazasa
740 4107 921 4205 (lortaffis
956 4109 995 4185 in
1041 4117 1073 4188 E

229 4213 391 4308 Gazara)
418 4209 607 4306 Nogoriar.
641 4206 763 4308 Gaium
797 4211 833 4283 &
869 4215 996 4306 Gazuru

228 4306 324 4384 idem
352 4309 444 4385 olim
470 4306 601 4385 numen
626 4308 716 4384 fuit.
743 4312 869 4385 Rorabr'
886 4317 995 4404 verb,

230 4410 386 4498 Ronebi,
412 4414 448 4485 δι
474 4419 621 4485 Roueora
645 4411 689 4485 ab
715 4411 865 4509 antiquo
890 4414 995 4488 Lati-

231 4534 280 4584 no
305 4512 414 4587 verbo
439 4521 610 4604 Runeare,
649 4514 915 4612 appellabantur
940 4517 995 4588 lo·

233 4612 581 4790 tmdquaescppcifis
622 4612 838 4690 Nemoribus
878 4635 994 4691 aratro

151 4798 171 4866 .·
232 4725 537 4912 :irruet
550 4733 896 4901 ‚utatur
917 4744 994 4892 r:

231 4913 415 5009 numeratis
440 4914 601 5013 frequens
620 4917 787 4994 babetur.
816 4916 995 4994 In'Char·

231 5033 271 5094 ta
296 5013 508 5093 ferrariensi
546 5017 648 5093 Anni
680 5022 861 5097 MGlllll.
886 5045 993 5120 quam

1107 2392 1207 2469 luille
1233 2419 1273 2467 ac
1299 2401 1447 2474 Rumor,
1477 2391 1621 2470 scilicet
1646 2394 1774 2502 saltum
1801 2300 1872 2475 lile

1107 2520 1229 2596 agrum
1249 2504 1477 2586 eruncatu'm,
1503 2512 1610 2594 atque
1628 2496 1670 2570 ad
1693 2501 1870 2575 culturam

1107 2615 1288 2695 paratum.
1316 2600 1417 2667 Terra
1441 2598 1640 2693 exemplata,
1674 2599 1709 2671 δε
1751 2606 1872 2674 Errem-

1103 2697 1227 2793 plotio,
1267 2691 1307 2770 &
1347 2699 1538 2794 Exemplum
1571 2723 1615 2771 en
1655 2697 1753 2775 sensu
1779 2700 1872 2801 apud

1106 2818 1241 2872 veteres
1266 2816 1485 2887 occurrunt,
1511 2815 1552 2872 ut
1579 2799 1704 2875 multis
1728 2802 1873 2880 testibus

1107 2923 1147 2971 ac
1182 2896 1314 2970 tabulis
1354 2897 1504 2973 ostendit
1555 2896 1794 3003 Du-Cangius
1833 2904 1873 2981 in

1107 2997 1256 3070 Glollas.
1291 2997 1448 3071 Latino.
1490 2997 1578 3072 lnde
1623 3005 1796 3096 Xamplum
1821 3004 1874 3080 ef·

1108 3096 1321 3171 formatum.
1350 3099 1392 3170 ln
1417 3123 1490 3197 quo
1516 3114 1634 3179 autern
1668 3104 1805 3194 Sampla
1830 3107 1875 3181 ab

1039 3220 1073 3289 ι)
1107 3198 1243 3294 Amplis
1277 3195 1486 3289 differrent,
1532 3197 1694 3274 divinare
1729 3199 1873 3283 nescio.
1951 3199 1958 3213 i

1110 3302 1224 3373 Erunt
1259 3296 1323 3397 qui
1364 3323 1475 3372 unum
1520 3296 1685 3399 idemque
1721 3320 1875 3401 putent,

1110 3417 1236 3498 utpote
1271 3399 1325 3473 ab*
1350 3425 1419 3474 una
1460 3425 1549 3474 voce
1575 3403 1791 3499 Exemplum,
1818 3405 1875 3483 uti

1110 3499 1275 3589 videtur,
1302 3499 1481 3596 profesta,
1518 3499 1577 3576 seu
1604 3502 1724 3601 potius
1750 3506 1794 3579 ab
1820 3513 1873 3581 Ε·
1946 3577 1947 3580 ,

1108 3600 1279 3697 aempliare
1292 3598 1447 3678 Latino.
1475 3600 1573 3677 Hinc
1600 3602 1710 3680 Tusci
1739 3628 1876 3684 veterae

1107 3700 1275 3777 dicebant
1316 3701 1514 3794 Seiampiare
1562 3729 1625 3803 pro
1679 3708 1874 3801 Dilorare,

1106 3802 1206 3978 puppe
1232 3801 1457 3976 rucisvjamb
1474 3801 1683 3979 αιυῐξςιιεὲῗι
1711 3811 1875 4004 exempla

1110 3930 1234 4103 litqie
1251 3929 1355 4076 uliin'c
1368 3929 1574 4104 oppoprppo
1585 3937 1704 4084 enataa
1733 3916 1875 4088 velleii}

1111 4131 1185 4179 vox
1210 4105 1373 4200 Scampis.
1413 4111 1542 4181 Eaarra
1566 4133 1707 4208 quoque
1734 4139 1798 4209 pro
1824 4118 1876 4185 2-

1112 4207 1254 4303 aemplo‚
1298 4203 1369 4282 five
1414 4210 1571 4284 Nemore
1621 4209 1774 4293 succiso,
1812 4226 1875 4287 aut

1111 4307 1204 4384 terri
1228 4334 1249 4381 a
1273 4306 1428 4383 dumetis
1462 4310 1676 4408 expurgati,
1712 4307 1751 4382 in
1778 4312 1872 4387 anti-

1113 4408 1194 4507 quis
1243 4406 1484 4485 monumentis
1528 4408 1710 4483 inueniat.
1756 4413 1873 4514 Agros

1116 4515 1222 4593 verb,
1248 4509 1312 4607 qui
1338 4527 1492 4583 aratrum
1518 4507 1635 4608 primo
1662 4508 1790 4588 sentite
1816 4514 1874 4591 iu·

1109 4609 1295 4788 ili‘lllc‘
1305 4609 1707 4790 ‘vilil'lclffi'dllii
1733 4614 1873 4696 lum·

1108 4812 1223 4890 iuerat
1262 4812 1384 4904 Silra,
1411 4762 1570 4888 Ronealia
1590 4739 1645 4891 qbs
1686 4739 1876 4894 {aliialii

1107 4913 1303 5016 nuncupari
1328 4913 1457 4990 exinde
1483 4936 1608 5014 coepta
1635 4918 1735 4993 sunt.
1777 4923 1873 4992 Duae

1108 5017 1231 5184 llilla'sK
1267 5015 1421 5115 ejusdem
1454 5017 1614 5094 nominis
1661 5015 1875 5193 Mutincienlis

1259 5139 1281 5187 2
1741 5173 1751 5208 q
1801 5159 1819 5179 .
