4216 6014
188 340 194 349 '
287 391 374 475 729
546 354 959 449 'ntSSERTArto
985 353 1541 480 translationum:
1733 392 1830 474 re·

229 480 437 568 speculorum
461 476 661 551 mirreorum:
687 504 750 552 nos
772 475 914 549 Ocebialr'
937 503 996 575 ap·
1038 483 1071 551 A
1119 474 1265 547 [delfin
1292 484 1447 571 sperata.
1476 480 1645 552 Alterum
1673 480 1815 552 'versum
1845 506 1891 558 ex

228 580 424 680 pellamur.
453 580 618 657 Pmteaa
646 607 716 654 oon
744 579 906 669 defuere,
934 580 997 678 qui

228 677 295 753 fibi
326 679 387 755 visi
413 680 494 757 sunt
518 682 680 781 reperisse
708 684 800 764 apud
832 684 999 782 antiquos

228 779 331 858 usum
358 782 581 863 instrumenti
609 787 714 887 hujus
740 787 783 860 ad
812 790 998 862 oculorum

229 883 308 958 vim
336 886 592 966 adiuvandam.
631 890 696 964 Sed
734 891 880 966 incertis
906 889 998 963 levi-

230 984 363 1085 busque
382 991 581 1068 ratiooibus
602 1020 724 1069 eorum
752 991 923 1068 sententia
945 990 1000 1063 ni·

230 1089 342 1162 titur.
371 1096 524 1170 Samueli
556 1098 712 1185 Pitisco,
748 1117 856 1194 atque
892 1094 1000 1174 aliis,

229 1214 275 1265 ex
302 1197 447 1294 antiqua
478 1196 711 1293 [ascriptione
736 1200 895 1270 Romana
924 1197 1001 1268 lau·

231 1290 336 1394 datur
363 1301 469 1370 Faber
493 1299 712 1371 Ocularr'arius
739 1296 884 1395 (potius
920 1305 1000 1366 Ocre-

1116 580 1241 649 eodem
1278 582 1408 676 Plauto
1444 578 1558 658 adfert
1596 578 1775 656 Robertus
1810 585 1889 658 Ste-

1118 678 1225 780 phani
1242 726 1255 760 ,
1281 704 1434 781 nempe:

1171 886 1299 959 Vitrrnn
1316 887 1412 960 erdo:
1428 887 1537 987 recelli
1555 881 1599 980 cll
1616 889 1796 991 conspicillo
1816 887 1870 963 eti
1879 938 1891 966 .

1119 1090 1174 1162 At
1209 1091 1379 1192 nusquam
1416 1092 1507 1194 apud
1546 1097 1711 1170 Plautum
1747 1091 1887 1168 versum

1120 1190 1213 1265 hunc
1253 1196 1390 1293 reperio
1427 1221 1540 1295 neque
1575 1195 1614 1269 in
1650 1195 1888 1284 Comoediis,

1120 1317 1233 1389 neque
1268 1295 1307 1369 in
1335 1297 1584 1396 fragmentis,
1618 1300 1670 1373 ita
1706 1316 1746 1371 ut
1781 1295 1889 1369 fidere

230 1392 360 1496 larius)
388 1399 483 1494 quasi
512 1402 541 1473 ia
569 1399 636 1474 esse
663 1398 822 1500 potuerit
848 1397 999 1494 ejusmo·
1040 1398 1070 1471 B
1120 1392 1200 1465 heic
1227 1419 1299 1467 nou
1328 1397 1513 1490 poffimus:
1546 1394 1887 1499 praeterquamquod

229 1493 268 1567 di
293 1498 466 1574 vitrorum
493 1500 708 1583 fabricator,
728 1501 821 1598 quod
850 1496 890 1574 δι
919 1499 1001 1573 Rei·

230 1595 344 1673 nesius
371 1599 476 1679 facile
503 1603 655 1680 credidit
681 1604 793 1679 Class.
821 1607 884 1677 lis.
905 1628 1002 1676 num.

231 1699 294 1775 6⁶.
325 1701 549 1805 inscription.
579 1707 846 1807 Antiquarum.
882 1707 1000 1781 Tene·

234 1799 371 1875 brofam
401 1832 524 1880 uocem
554 1835 658 1882 nemo
687 1836 757 1881 non
789 1810 906 1881 videt:
946 1825 1001 1880 at·

231 1925 302 2000 que
327 1903 478 1979 omnino
505 1909 616 1997 latet,
653 1911 738 2007 quid
768 1934 930 2006 peream
958 1907 1000 1980 sr-

233 2003 445 2103 gnisicaturn
472 2007 603 2092 fuerit,
639 2010 773 2086 etiamst
811 2010 1000 2084 statuamus

228 2104 325 2180 tefie
351 2110 394 2182 ab
430 2110 522 2184 aldo
558 2109 766 2211 descriptam
804 2110 904 2187 fuisse
941 2117 1001 2186 sn·

231 2204 462 2307 scriptionem
492 2215 617 2302 illam,
653 2241 672 2288 a
699 2219 854 2294 Grutero
883 2214 1001 2290 subiu-

1120 1513 1256 1569 veteres
1297 1496 1486 1570 adhibuere
1524 1499 1669 1572 Vitrum
1711 1501 1753 1574 ad
1795 1497 1890 1573 acci·

1121 1596 1283 1693 piendam
1308 1599 1422 1672 lucem
1451 1597 1490 1671 in
1511 1598 1674 1672 aedibus.
1700 1599 1891 1696 specularia

1122 1725 1251 1773 nomen
1280 1698 1326 1773 iis
1353 1698 1440 1774 fuit.
1471 1698 1530 1774 Ad
1566 1698 1657 1775 hanc
1686 1727 1808 1774 rocem
1837 1704 1889 1776 le·

1119 1806 1231 1900 genda
1261 1801 1361 1892 sunt,
1396 1827 1487 1901 quae
1513 1800 1621 1876 habet
1649 1803 1887 1903 DuCangius

1119 1904 1158 1977 in
1177 1902 1326 1978 Glossar.
1347 1906 1468 1979 Latin.
1491 1907 1525 1978 ἃ
1550 1902 1734 1979 Salmasius
1759 1905 1802 1979 ad
1824 1908 1889 1978 So·

1118 2006 1261 2080 linum.
1298 2006 1499 2081 Fureterius
1535 2032 1676 2105 quoque
1702 2005 1742 2080 in
1769 2010 1888 2081 Voca-

1119 2107 1229 2181 bular.
1254 2110 1387 2182 Gallie.
1419 2108 1607 2210 Linguae,
1629 2109 1763 2200 tradit,
1788 2108 1823 2182 se
1843 2107 1887 2182 ab

1117 2210 1240 2283 eodem
1272 2208 1490 2311 Ducangio
1508 2211 1698 2308 accepisse,
1725 2205 1883 2285 adserva·

230 2308 275 2383 de
303 2313 477 2389 recusam.
507 2314 671 2390 Fortaffis
698 2317 827 2392 artifex
854 2315 1001 2419 effinge-
1040 2305 1076 2387 C
1117 2312 1148 2384 ri
1177 2311 1215 2385 iu
1244 2313 1353 2413 Regia
1382 2312 1608 2388 Bibliotheca
1630 2316 1756 2387 Podma
1776 2316 1888 2387 Grae·

227 2409 289 2485 bat
316 2418 440 2490 oculos
475 2417 514 2492 in
545 2424 699 2493 Deorum
738 2419 906 2519 templis,
945 2419 1002 2493 su·

228 2513 446 2611 spendendos
489 2548 553 2620 pro
593 2524 758 2620 recepti,
800 2522 854 2595 uti
898 2521 1001 2612 fluite

225 2615 519 2705 arbitrabantur,
549 2626 735 2699 oculorum
764 2623 999 2698 incolumita-

227 2739 285 2796 te.
316 2720 491 2822 Aegyptii
518 2752 685 2824 quoque,
721 2725 804 2801 teile
830 2730 1000 2801 Clemen-

228 2839 267 2896 te
295 2825 543 2900 Alexandrino
578 2830 724 2919 Lib.'5.
751 2831 920 2900 stromat.
957 2850 999 2892 o—

230 2925 329 2996 culos
359 2949 404 2994 ex
441 2951 527 2996 auro
561 2929 596 2994 δι
634 2940 782 3022 argento
817 2919 999 2995 contestor

229 3024 269 3101 in
296 3022 461 3120 Templis
496 3025 747 3120 exponebant,
783 3019 1000 3114 significatu·

227 3125 280 3206 ti,
311 3131 412 3196 usum
433 3124 538 3195 omnia
558 3126 688 3198 videre.
720 3125 781 3200 Ad·
805 3123 891 3199 haec
915 3126 1000 3198 Flo-

1118 2439 1230 2502 cum,
1265 2441 1309 2490 ex
1337 2441 1410 2509 quo
1441 2414 1650 2503 hauriatur,
1685 2415 1888 2511 Perlplriller

1117 2514 1157 2588 in
1196 2513 1259 2591 usu
1299 2514 1400 2592 fuisse
1437 2520 1548 2594 Anno
1583 2515 1715 2594 Chrisli
1762 2518 1886 2594 incl..

1119 2615 1222 2690 Paria
1263 2615 1387 2693 scribit
1431 2623 1622 2722 Menagius
1662 2619 1701 2693 in
1740 2618 1886 2718 Origin.

1117 2717 1281 2815 Linguae
1308 2721 1812 2797 ltatieae-.-1·:n·wficu1um
1835 2721 1885 2795 il·

1117 2819 1221 2902 lum,
1247 2815 1312 2885 ubi
1335 2817 1379 2884 de
1404 2813 1563 2885 Medicis
1588 2819 1732 2914 agitur:

1162 3025 1272 3107 eupl'rr
1300 3028 1346 3090 ul
1374 3027 1412 3089 rie
1435 3028 1562 3099 ηὐβιλι
1590 3028 1662 3108 perir
1685 3033 1721 3093 τί
1747 3035 1835 3101 iulet

230 3226 368 3302 tentiae
405 3224 595 3322 Inscriptio
624 3223 783 3315 legitur,
821 3227 865 3298 ab
893 3251 1000 3300 accu·
1044 3227 1078 3297 D
1118 3219 1232 3297 ldesi:
1264 3227 1432 3296 intuentur
1466 3250 1571 3300 aurern
1606 3249 1799 3302 excrementa
1827 3249 1886 3323 prr

231 3324 405 3404 ratiffimo
423 3327 537 3398 Gorio
556 3326 723 3424 produffa
745 3328 868 3401 Tomo
896 3326 1000 3423 prim.

135 3464 196 3547 ἱο,
233 3428 461 3551 ¹inscription.
489 3427 688 3503 Florentio.
716 3455 794 3528 pag.
819 3430 909 3525 406.
937 3431 998 3506 ubi

333 3583 389 3655 M.
420 3582 653 3656 Rartttvs
679 3582 880 3656 OCVLOS

338 3685 584 3758 REPOSVIT
611 3685 825 3757 srntvts

233 3838 345 3909 Erant
366 3834 462 3909 enim
485 3835 643 3937 antiquit
670 3833 799 3913 lfatuae
819 3838 999 3928 Deorum,

228 3938 354 4011 oculos
379 3938 547 4015 habentes
572 3967 618 4014 ex
645 3966 733 4014 auro
757 3959 822 4016 aut
848 3945 998 4040 gemmis

231 4035 445 4124 confef'toS,
471 4039 527 4111 uti
562 4039 657 4111 idem
684 4043 818 4110 Goriua
843 4042 999 4114 aubinri·

1120 3328 1265 3397 Vinum.
1301 3331 1434 3402 Verum
1470 3329 1615 3417 dubitat
1648 3329 1887 3428 ipse-'Meua-

1118 3427 1222 3528 gius,
1256 3453 1299 3500 an
1335 3430 1403 3503 hoc
1438 3431 1482 3504 ad
1517 3433 1686 3506 Ocularia'
1724 3430 1886 3530 speliet,

1117 3554 1229 3627 quum
1254 3531 1354 3605 vitro
1380 3533 1563 3630 potuerint
1590 3534 1644 3608 uti
1672 3533 1811 3608 Medici
1838 3533 1887 3606 il·

1120 3631 1171 3722 li,
1192 3657 1236 3705 ue
1251 3649 1344 3706 tetro
1364 3632 1499 3711 foetore
1518 3636 1757 3713 laederentur.
1782 3639 1887 3709 Prae·

1121 3751 1214 3808 terea
1241 3733 1272 3808 is
1300 3735 1756 3824 minimeanimaducrtit,
1783 3737 1888 3810 dubi·

1084 3811 1093 3929 l
1120 3834 1294 3909 tationem
1321 3861 1463 3907 omnem
1490 3839 1535 3910 ab
1562 3838 1639 3922 ipso
1669 3837 1887 3938 Du·Cangiu

1120 3934 1275 4025 auferri,
1307 3936 1371 4033 qui
1407 3936 1718 4023 rursus-eumdem
1748 3939 1887 4015 versum

1120 4039 1157 4112 in
1173 4034 1350 4111 Glossario
1363 4040 1562 4116 Gr'a'ecoad
1573 4042 1698 4116 v'ocem
1712 4045 1791 4108 ‘vim
1809 4045 1888 4116 la'u-

231 4155 304 4213 tate
332 4135 489 4212 Caecilii
519 4137 621 4210 Balbi
648 4163 693 4213 ex
719 4138 877 4228 Iohanne
906 4141 998 4216 Sari·
1048 4135 1074 4203 Ε
1120 4139 1209 4222 dat,
1234 4166 1387 4238 eumque
1421 4141 1480 4218 ita.
1510 4144 1646 4220 Latine
1676 4143 1888 4221 redditas·

230 4237 396 4314 sberienfi
421 4238 580 4314 desomtl
598 4238 874 4315 animadvertit.
899 4249 999 4338 Qua·

232 4369 270 4417 tc
297 4340 388 4414 nihil
426 4341 480 4414 hia
519 4339 760 4417 insistendum.
800 4342 877 4418 Alii
915 4352 998 4418 Con-

225 4444 394 4537 spirillum
420 4445 509 4541 apud
540 4446 704 4519 Plautum
730 4442 850 4529 nafii,
875 4446 998 4522 insitu-

232 4565 392 4619 mentum
432 4546 527 4622 idem
562 4546 720 4648 opinati·
743 4545 824 4620 sunt
859 4548 999 4624 adhibi·

234 4663 314 4723 tum
354 4647 495 4735 oculis,
536 4669 578 4724 ut
611 4677 664 4724 res
705 4647 854 4746 majores
893 4676 997 4751 appa·

234 4768 359 4825 reant.
405 4751 621 4825 falluntur.
663 4753 809 4828 Plautus
846 4751 921 4856 ipse
959 4755 1000 4831 itt

235 4847 457 4954 Fragmentis
485 4851 560 4926 aitr

298 5165 301 5169 Ι
406 5059 479 5171 'ln
504 5056 681 5156 conspicillo
703 5056 951 5151 adserendam

1119 4241 1207 4329 dest,
1241 4242 1413 4337 inspiciunt
1448 4268 1640 4317 excrementa
1664 4271 1743 4314 eram.
1758 4244 1889 4316 cerinis:

1121 4370 1233 4441 neque
1261 4343 1345 4416 haec
1365 4347 1408 4419 ad
1427 4347 1579 4443 specilla
1609 4345 1785 4445 spefiant.
1811 4346 1888 4419 Sci-

1121 4446 1208 4521 licet
1238 4457 1311 4516 riam
1339 4451 1471 4520 Urinam
1497 4446 1693 4549 fignificat,
1729 4474 1799 4520 nnn
1830 4448 1888 4519 Vi·

1120 4569 1229 4627 rrum.
1269 4557 1390 4646 Quum
1428 4576 1511 4649 crgo
1548 4553 1686 4624 nullutn
1727 4571 1889 4649 apertum

1121 4653 1238 4729 locum
1276 4673 1338 4727 aut
1373 4649 1494 4725 testem
1530 4679 1575 4727 cx
1602 4652 1764 4727 universa
1791 4652 1887 4727 anti-

1121 4755 1259 4853 quitate
1283 4755 1492 4838 habeamus,
1521 4773 1606 4829 tunc
1633 4755 1671 4830 in
1698 4754 1760 4830 usu
1786 4751 1887 4830 fuisse

1120 4859 1334 4953 Perspieilla,
1377 4855 1433 4930 seu
1469 4857 1651 4954 specilla,-
1684 4855 1723 4931 ἃ
1761 4876 1886 4933 contra

1121 4954 1183 5032 vix
1212 4958 1288 5033 sieri
1327 4957 1513 5056 potuerit,
1548 4959 1634 5056 quin
1663 4956 1752 5050 apud
1789 4955 1885 5029 anti·

1118 5087 1207 5164 quos
1236 5061 1357 5162 aliqua
1375 5086 1498 5138 eorum
1516 5058 1657 5137 mentio
1676 5056 1769 5237 {aa}
1798 5055 1886 5136 fuis·

1751 5175 1832 5259 ,εἶ’
