4216 6014
141 290 145 296 ⁸
288 375 372 468 ις,
468 330 469 334 Ὗ
608 346 1091 438 orssrnrarro
1130 343 1491 434 vinserna,
1653 377 1816 461 >254

226 472 264 549 br·
288 469 432 545 Garrire
458 467 633 566 Episcopo,
660 474 742 567 quod
767 471 923 543 ramalem
939 495 990 542 ea*
1025 470 1079 542 Δ1
1103 461 1211 551 dum,
1233 491 1294 562 per
1322 467 1447 551 Secula
1455 460 1744 564 ,plurima-inter
1762 465 1872 538 Chri«

226 575 398 660 rrrilir'rrrerrr
423 596 490 656 nan
509 569 627 659 faciam
640 598 656 640 .·
683 574 727 643 θ
746 570 779 656 li
800 571 921 661 lisera,
948 572 992 642 θ’

226 676 330 748 enoris
368 670 431 760 mei
469 674 514 742 O*
554 670 700 764 beneficio
742 671 899 758 Ecclesiae
922 694 994 764 peru

227 780 327 850 dam.
355 778 411 848 lta
436 770 500 846 ille
520 798 693 872 perquam
719 773 872 850 Latine.
909 777 993 847 Suc·

230 876 328 953 cedit
368 875 523 949 alterum
546 872 679 960 ‚smila
728 874 991 978 jusjurandum:

229 980 291 1054 Ab
315 979 372 1052 bac
409 1003 465 1050 era
490 977 526 1048 r'rr
549 994 647 1051 antea
672 981 832 1075 ‚promitto
856 1003 912 1074 ega
928 983 959 1067 J
960 1002 994 1045 a·

230 1082 348 1154 barrrres
372 1077 628 1175 Artbipresbr'ter
652 1079 715 1154 tibi
744 1079 881 1153 Wariao
907 1077 994 1168 Epi-

224 1182 335 1277 scopo,
359 1182 446 1278 quad
467 1181 578 1253 dietus
602 1182 696 1254 virae
719 1208 806 1253 arcae
829 1206 897 1253 cam
923 1205 997 1249 nrm

229 1283 304 1355 liare
341 1280 476 1358 alteritas
515 1283 709 1356 eraserim
743 1310 805 1355 non
845 1282 995 1374 seciam,

1104 562 1231 637 iiianos
1278 565 1426 664 viguisse
1467 567 1598 665 duplex
1639 565 1871 642 Matrimonii

1105 690 1233 765 genus:
1263 667 1413 738 alterum
1442 665 1620 760 solemne,
1646 670 1778 745 tabulis
1806 681 1872 744 tiu⁴⁴

1107 767 1278 864 ptialibus
1306 767 1604 842 intercedentibus
1631 771 1790 863 initum,
1817 775 1870 846 al⁴

1105 884 1220 943 tetum
1256 871 1340 943 dote
1376 891 1420 943 ac.
1455 866 1681 946 solemnitate
1716 900 1870 957 carens,

1105 972 1200 1066 quod
1227 971 1492 1047 clandestinum
1528 997 1620 1045 nunc
1647 978 1870 1074 appellatur.

1105 1071 1279 1148 Mulieres
1308 1073 1552 1172 priorimodo
1578 1094 1730 1173 nuptae,
1760 1077 1871 1148 Uerria
1936 1130 1939 1134 ι

1104 1172 1250 1249 nomiae
1277 1175 1598 1277 diliibguebantur:
1627 1175 1785 1276 reliquae
1809 1200 1872 1251 rraa

1103 1301 1167 1365 ro,
1193 1273 1253 1351 etfi
1281 1280 1464 1354 mbtsroin
1485 1277 1763 1355 Matrimonium
1784 1305 1872 1353 con-

217 1405 326 1479 'reque
349 1412 418 1456 cunr
455 1383 583 1456 inlicita
616 1385 772 1458 meretrice
806 1385 996 1476 {amicatio-
1028 1379 1058 1472 B
1105 1375 1212 1453 sensu>
1230 1378 1287 1452 uir
1311 1383 1505 1457 &³mulier
1543 1380 1658 1455 liberi>
1675 1381 1872 1483 conjunge·-
1952 1429 1953 1432 =

1105 1494 1247 1568 rentur,
1273 1482 1475 1556 Canmbirae
1500 1481 1718 1583 frequentius
1749 1486 1871 1583 appeld

1104 1583 1196 1656 latae
1237 1578 1339 1665 sunt,
1381 1602 1487 1684 atque
1526 1586 1706 1660 interdum
1748 1585 1872 1658 νίκα*
1907 1583 1917 1599 ”

1104 1681 1235 1779 ringer.
1270 1684 1382 1779 Quod
1416 1683 1530 1806 prob'e
1569 1686 1783 1778 tenendum,
1824 1712 1870 1763 ne

230 1511 319 1559 arnt.
344 1489 395 1559 fir
411 1483 447 1570 st
465 1485 566 1577 fecero
578 1528 591 1569 ,
628 1514 678 1558 nra
713 1487 813 1585 ipsum
851 1484 995 1577 confimo

230 1585 266 1656 r‘rr
287 1589 479 1679 periculam.
499 1586 709 1666 benediiius
727 1611 869 1688 quoque
891 1590 993 1660 Vlll.

231 1684 271 1762 in
306 1686 489 1766 Ticincnsr
524 1691 665 1787 Synodo
700 1689 920 1792 temporibus
936 1688 994 1763 ii·

146 1793 149 1800 ’
232 1784 328 1863 seem
352 1788 580 1867 saluberrima
617 1793 658 1868 in
692 1792 784 1866 hanc
804 1808 893 1866 ‘tem
918 1788 1000 1864 edi-
1036 1880 1052 1891 .

233 1887 292 1963 lta
318 1892 579 1993 promulgavit.
619 1898 731 1968 Po‘rro
753 1893 797 1969 in
821 1895 995 1992 quantum

233 1988 439 2084 incendium
475 1992 590 2092 postca
624 1993 767 2071 flamma
806 1995 891 2069 haec
917 2020 996 2069 eru·

234 2091 351 2191 perit,
395 2111 617 2193 quantaeque
640 2099 776 2172 'turbae
821 2097 868 2170 ob
914 2095 996 2170 ilios

234 2191 250 2289 (
274 2192 325 2266 ita
352 2195 446 2268 enim
466 2197 773 2296 appellabantur)
794 2196 995 2274 Nicolaitae

232 2292 537 2371 Mediolanensem
583 2297 773 2372 Ecclesiam
818 2299 995 2372 concusse·
1028 2305 1063 2379 C
1103 2321 1164 2366 narr
1190 2296 1282 2368 babet
1309 2299 1459 2389 Uerrem,
1498 2296 1546 2378 ψ’
1570 2320 1627 2390 pro
1654 2303 1753 2370 ΠΜ
1777 2302 1864 2368 Cot·
1999 2369 2008 2382 .

231 2393 326 2477 rint,
371 2423 442 2471 non
482 2394 529 2471 est
562 2396 666 2493 hujus
691 2398 765 2473 loci
791 2399 993 2495 explicare.

1104 1784 1245 1881 quoties
1279 1788 1319 1861 in
1355 1805 1589 1886 antiquorum
1625 1788 1868 1864 monumentis

1103 1885 1304 1961 concubinae
1322 1886 1500 1972 titulum,¹
1516 1888 1761 1990 ”temporibus
1800 1915 1868 1964 noa
1965 1917 1967 1921 ’

1103 1987 1178 2064 siris
1204 1988 1505 2082 abominin'tltttn,
1546 1991 1867 2082 otieuffimonti·

1105 2116 1175 2165 nuo
1201 2090 1580 2170 eneruauerunt
1609 2097 1662 2166 ‘in
1678 2093 1870 2170 coneilio

1103 2194 1299 2269 Toletano·
1317 2195 1441 2285 ‘prino
1475 2194 1662 2296 seriptum
1681 2188 1747 2269 eli:
1795 2194 1872 2290 Qui

1102 2397 1248 2469 sabinam
1272 2400 1386 2483 babet,
1427 2429 1449 2473 a
1482 2399 1691 2472 communione
1725 2424 1786 2470 rrerr
1813 2422 1865 2468 re-

233 2495 394 2570 Prostant
444 2493 542 2573 Petri
588 2499 782 2582 Damimi.
823 2500 994 2579 baronii,
1099 2499 1259 2594 pellatur.
1304 2500 1428 2584 Paria,
1455 2501 1569 2577 immo
1595 2497 1766 2582 clariora,
1792 2519 1865 2572 tra·

233 2607 274 2670 ac
300 2596 486 2673 Puricellii
522 2600 660 2696 Opera,
703 2627 894 2700 eorumque
938 2621 995 2675 tu-

135 2787 137 2793 ,
233 2699 412 2773 multarum
439 2698 678 2775 narrationem
705 2702 808 2775 nobis
842 2700 995 2800 relique-

232 2827 269 2874 re
296 2800 526 2900 Landulphus
553 2799 693 2893 senior,
720 2800 760 2876 ἃ
786 2803 994 2904 Arnulphus

232 2899 403 2978 Historici
443 2901 726 2979 Mediolanenses
751 2904 791 2979 in
826 2904 948 2979 Libris
975 2932 995 2979 a

231 3027 290 3077 me
330 3004 505 3108 evulgatis
543 3008 664 3081 Tomo
690 3008 756 3081 IV.
783 3009 865 3082 Rer.
893 3007 995 3081 Itali·

234 3130 376 3182 carum.

1061 2611 1067 2619 ’
1102 2597 1196 2673 didit
1222 2599 1367 2677 Sanbius
1405 2601 1577 2687 isidorus,
1613 2601 1711 2702 cujus
1758 2601 1864 2674 verba

1101 2725 1122 2772 a
1148 2702 1322 2777 Gratiano
1362 2701 1559 2778 referuntur
1585 2731 1617 2779 c.
1641 2702 1863 2789 Christianus,

1104 2800 1267 2876 Distinet.
1295 2830 1355 2901 34.
1381 2805 1561 2894 Christiano
1588 2833 1626 2876 rre
1652 2805 1758 2878 dicam
1784 2812 1864 2898 plu·

1102 2901 1221 2993 rimas,
1250 2903 1307 2996 scd
1342 2932 1394 2977 nee
1418 2914 1501 2978 duas
1527 2906 1626 2992 simul
1652 2907 1763 2978 babere
1788 2905 1864 2976 liei-

1102 3021 1170 3073 tum
1195 3005 1261 3093 esi,
1301 3004 1363 3090 nist
1406 3000 1507 3079 anam*
1545 3027 1671 3079 tantum
1696 3028 1753 3080 aut
1781 3013 1864 3077 Uxo·

1103 3131 1188 3194 rem,
1215 3126 1273 3178 aar
1297 3125 1376 3178 certe
1400 3108 1462 3177 laea
1489 3109 1599 3180 Uxoris
1626 3108 1640 3205 (
1664 3107 1688 3179 sr
1715 3103 1863 3206 Conjux

283 3207 342 3282 Ad
379 3209 545 3286 mulieres
578 3200 779 3310 regredior,
820 3209 996 3311 equibus
1031 3215 1067 3286 D
1102 3206 1225 3304 deest)
1252 3208 1485 3281 concubinam.
1510 3211 1614 3282 Hanc
1639 3208 1680 3282 in
1706 3231 1782 3280 rem
1805 3208 1864 3281 ui-

234 3307 323 3380 duae
364 3305 402 3381 in
437 3310 546 3383 Italia
582 3310 710 3384 eodem
746 3314 893 3387 Saeculo
933 3314 995 3385 xt.

235 3405 392 3481 summae
427 3409 634 3510 prudentiae
666 3409 707 3483 in
741 3409 900 3512 regendis
927 3413 996 3484 Po·

235 3508 353 3608 pulis‚
393 3534 437 3594 aa¹
468 3506 639 3586 militaris
677 3510 785 3585 etiam
813 3509 995 3587 fortitudi-

215 3608 291 3682 'nis
317 3609 455 3683 laudem
483 3613 661 3700 retulere:
688 3613 870 3685 Marbildr's
895 3612 996 3687 uide·

233 3710 320 3786 licet
346 3711 531 3809 Comirrffr,
571 3709 724 3788 Tusciae
748 3712 915 3797 Ducilsa,
956 3742 994 3788 a-

232 3812 431 3913 liarumque
457 3816 495 3889 in
517 3815 738 3891 Lombardia.
752 3816 910 3893 Urbium
930 3816 993 3890 do·

172 3969 186 3992 s
232 3914 352 3990 mina:
381 3918 414 3990 tc
441 3917 623 4005 Adelalia,
650 3915 720 3992 sire
736 3919 879 3992 Adelar's
896 3924 993 3992 Mar-

233 4012 381 4112 ebioniffa
399 4020 524 4116 Segulir'
533 4072 545 4093 .
570 4021 707 4102 Verium
724 4018 806 4095 isiae
825 4045 1001 4117 perquam.

1103 3306 1145 3380 dc
1171 3306 1382 3381 Gratianum
1422 3306 1566 3398 isum,
1606 3304 1645 3380 ἃ
1672 3305 1864 3381 Canooum

1104 3406 1336 3508 interpretes,
1364 3337 1691 3497 archidiaconum,
1731 3411 1865 3483 Turre·

1104 3531 1293 3585 crematam
1320 3561 1332 3594 ‚
1372 3510 1630 3599 Turrianum,
1676 3510 1864 3586 bellarmi-

1104 3637 1214 3703 num,
1251 3611 1460 3696 Barbosam,
1501 3609 1572 3687 &e
1599 3616 1656 3686 Ac
1683 3620 1864 3712 propterea

1103 3713 1266 3812 quamvis
1285 3712 1482 3814 Eginharto
1506 3713 1587 3788 teste
1607 3711 1759 3789 Carolus
1781 3718 1864 3790 Ma·

1103 3837 1192 3913 gnus
1227 3816 1302 3916 poll
1336 3814 1544 3914 Liutgardis
1585 3815 1741 3902 Reninac
1767 3841 1863 3892 mor·

1104 3934 1176 3990 tem
1203 3939 1336 4013 quatuor
1361 3915 1523 3989 habuerit
1548 3920 1767 4007 Concubitus,
1794 3918 1868 3991 im·
1973 3955 1976 3959 ·

1105 4018 1300 4092 mortariis
1340 4017 1561 4119 temporibus
1595 4017 1688 4109 nm,
1723 4039 1762 4092 ut
1798 4016 1863 4091 alii

232 4143 326 4192 raras
364 4120 538 4218 reliqu-e
578 4120 651 4218 posi
685 4121 720 4193 le
745 4119 864 4193 virilis
890 4118 994 4217 hujus
1032 4121 1062 4191 E
1104 4117 1272 4199 tradunt,
1309 4119 1384 4218 ejus
1422 4137 1543 4194 tamen
1590 4117 1723 4192 samam
1765 4116 1863 4191 dotti
1965 4178 1969 4188 .

231 4219 381 4293 virtutis
398 4218 633 4296 imitatrices.
649 4219 857 4293 Matthaeus
875 4235 992 4292 tamen
1106 4219 1175 4294 viri
1210 4238 1380 4304 tuentur,
1419 4221 1495 4295 rati·
1526 4247 1595 4294 non
1622 4223 1708 4292 alias
1735 4220 1863 4292 mulie-

233 4321 415 4397 Villanius
451 4319 632 4399 sortilii'rni
673 4319 785 4394 animi
823 4317 992 4392 feminam
1105 4349 1158 4396 res
1183 4348 1228 4395 eo
1252 4323 1397 4396 nomine
1423 4320 1617 4420 designari,
1645 4322 1750 4417 quim
1779 4325 1861 4389 Uxo-

234 4421 337 4495 nobis
377 4425 526 4502 exhibet·
563 4425 658 4496 ciam
698 4418 713 4511 s
739 4419 901 4496 Tertiam
930 4421 993 4495 alii
1105 4448 1172 4506 rer,
1199 4423 1253 4499 uti
1275 4451 1367 4499 nunc
1387 4425 1512 4522 ajunt,
1534 4419 1769 4507 Conscientiae,
1795 4417 1866 4494 five

235 4525 446 4629 appellant)
483 4523 659 4601 francisci
687 4521 858 4596 Ordelaffi
884 4527 993 4608 Foro·
1101 4523 1223 4609 finistrr’
1247 4526 1377 4605 lateris,
1404 4548 1493 4620 quae
1518 4521 1626 4593 etiam
1648 4527 1760 4593 Uxores
1778 4527 1865 4594 Carr-

234 4620 437 4703 livienfium
461 4627 620 4708 domini,
660 4620 730 4698 five
756 4624 926 4719 tyranni,
954 4653 994 4699 u·
1104 4625 1233 4698 cabiare
1258 4623 1437 4700 interdum
1455 4619 1535 4696 sunt
1554 4624 1767 4722 appellatae.
1796 4624 1865 4698 vi-

235 4747 383 4811 mms
419 4757 510 4829 quae
546 4730 671 4804 Seculo
715 4726 847 4802 Christi
895 4732 992 4801 XIV.
1104 4729 1150 4801 de
1172 4728 1329 4801 Macrios
1355 4725 1392 4798 in
1415 4724 1669 4800 Hierolexico..
1693 4726 1752 4800 Ad
1772 4745 1865 4801 tem-

234 4822 454 4903 militaribus
491 4831 599 4905 armis
632 4827 748 4904 cinsia
784 4827 895 4904 hostes
922 4856 992 4902 non
1106 4855 1187 4925 pora
1215 4829 1321 4928 usque
1346 4827 1509 4902 Concilii
1543 4828 1751 4903 Tridentini
1788 4830 1865 4924 eju·

234 4923 343 4999 semel
389 4930 540 5028 repulit,
581 4956 620 5002 ac
639 4959 640 4962 ¹
662 4929 837 5005 Caesenae
859 4939 991 5004 ‘Arcem
1023 4969 1025 4972 >
1104 4928 1217 5005 smodi
1258 4930 1463 5031 conjunsiio
1503 4929 1613 5004 licuit
1645 4957 1685 5003 ac
1712 4932 1879 5017 tolerata,

235 5026 398 5112 enititur
421 5048 540 5109 tutata
563 5028 635 5103 eli.
677 5034 807 5132 Neque
841 5033 996 5110 reticen-
1102 5029 1174 5108 suit
1186 5056 1206 5134 3
1230 5057 1324 5108 nunc
1349 5035 1414 5123 ubi
1437 5030 1595 5132 ejusdem
1617 5027 1791 5201 Concsssii·
1804 5024 1861 5101 di-

1528 5183 1531 5186 .
1760 5151 1815 5203 a·
