<?xml version="1.0" encoding="UTF-8"?>
<!DOCTYPE html PUBLIC "-//W3C//DTD XHTML 1.0 Transitional//EN"
    "http://www.w3.org/TR/xhtml1/DTD/xhtml1-transitional.dtd">
<html xmlns="http://www.w3.org/1999/xhtml" xml:lang="en" lang="en">
 <head>
  <title>
</title>
<meta http-equiv="Content-Type" content="text/html;charset=utf-8" />
  <meta name='ocr-system' content='tesseract 3.04.00' />
  <meta name='ocr-capabilities' content='ocr_page ocr_carea ocr_par ocr_line ocrx_word'/>
</head>
<body>
  <div class='ocr_page' id='page_1' title='image "./antiquitatesita01muragoog_0348.png"; bbox 0 0 4216 6014; ppageno 0'>
   <div class='ocr_carea' id='block_1_1' title="bbox 288 329 1812 451">
    <p class='ocr_par' dir='ltr' id='par_1_1' title="bbox 288 329 1812 451">
     <span class='ocr_line' id='line_1_1' title="bbox 288 329 1812 451; baseline -0.007 -28"><span class='ocrx_word' id='word_1_1' title='bbox 288 349 375 449; x_wconf 79' lang='lat'><em>697</em></span> <span class='ocrx_word' id='word_1_2' title='bbox 569 331 938 421; x_wconf 78' lang='lat' dir='ltr'><em>DISSERTAHO</em></span> <span class='ocrx_word' id='word_1_3' title='bbox 968 336 1022 420; x_wconf 68' lang='lat' dir='ltr'><em>V}</em></span> <span class='ocrx_word' id='word_1_4' title='bbox 1006 329 1517 451; x_wconf 62' lang='lat' dir='ltr'><em>oGESJMAQUARTA.</em></span> <span class='ocrx_word' id='word_1_5' title='bbox 1726 331 1812 439; x_wconf 84' lang='lat'><em>698</em></span> 
     </span>
    </p>
   </div>
   <div class='ocr_carea' id='block_1_2' title="bbox 206 449 1061 627">
    <p class='ocr_par' dir='ltr' id='par_1_2' title="bbox 228 449 1061 627">
     <span class='ocr_line' id='line_1_2' title="bbox 228 449 1061 544; baseline 0.001 -22"><span class='ocrx_word' id='word_1_6' title='bbox 228 470 323 523; x_wconf 79' lang='lat' dir='ltr'><em>cernes</em></span> <span class='ocrx_word' id='word_1_7' title='bbox 348 449 517 523; x_wconf 69' lang='lat' dir='ltr'><em>butiliccn.</em></span> <span class='ocrx_word' id='word_1_8' title='bbox 553 452 748 540; x_wconf 85' lang='lat' dir='ltr'><em>Reponec</em></span> <span class='ocrx_word' id='word_1_9' title='bbox 735 478 769 521; x_wconf 86' lang='lat' dir='ltr'><em>en</em></span> <span class='ocrx_word' id='word_1_10' title='bbox 794 451 873 544; x_wconf 82' lang='lat' dir='ltr'><em>vaso</em></span> <span class='ocrx_word' id='word_1_11' title='bbox 904 453 1061 539; x_wconf 82' lang='lat' dir='ltr'><em>ceslooA</em></span> 
     </span>
     <span class='ocr_line' id='line_1_3' title="bbox 206 552 994 627; baseline 0.001 -3.031"><span class='ocrx_word' id='word_1_12' title='bbox 206 552 449 625; x_wconf 76' lang='lat' dir='ltr'><em>vicuminaco.</em></span> <span class='ocrx_word' id='word_1_13' title='bbox 483 556 535 623; x_wconf 79' lang='lat' dir='ltr'><em>Ec</em></span> <span class='ocrx_word' id='word_1_14' title='bbox 567 554 644 622; x_wconf 84' lang='lat' dir='ltr'><em>dum</em></span> <span class='ocrx_word' id='word_1_15' title='bbox 678 553 822 624; x_wconf 83' lang='lat' dir='ltr'><em>bullieoic</em></span> <span class='ocrx_word' id='word_1_16' title='bbox 856 554 994 627; x_wconf 85' lang='lat' dir='ltr'><em>lencoi·</em></span> 
     </span>
    </p>
   </div>
   <div class='ocr_carea' id='block_1_3' title="bbox 224 649 869 959">
    <p class='ocr_par' dir='ltr' id='par_1_3' title="bbox 224 649 861 959">
     <span class='ocr_line' id='line_1_4' title="bbox 224 649 861 749; baseline 0.002 -24"><span class='ocrx_word' id='word_1_17' title='bbox 224 654 304 749; x_wconf 75' lang='lat' dir='ltr'><em>gnis</em></span> <span class='ocrx_word' id='word_1_18' title='bbox 323 652 447 746; x_wconf 80' lang='lat' dir='ltr'><em>semol.</em></span> <span class='ocrx_word' id='word_1_19' title='bbox 466 649 533 743; x_wconf 78' lang='lat' dir='ltr'><em>slec</em></span> <span class='ocrx_word' id='word_1_20' title='bbox 556 652 732 745; x_wconf 82' lang='lat' dir='ltr'><em>composicio</em></span> <span class='ocrx_word' id='word_1_21' title='bbox 753 655 861 747; x_wconf 84' lang='lat' dir='ltr'><em>picis.</em></span> 
     </span>
     <span class='ocr_line' id='line_1_5' title="bbox 359 855 869 959; baseline 0.002 -28"><span class='ocrx_word' id='word_1_22' title='bbox 359 859 416 932; x_wconf 86' lang='lat' dir='ltr'><em>De</em></span> <span class='ocrx_word' id='word_1_23' title='bbox 439 855 760 958; x_wconf 81' lang='lat' dir='ltr'><em>extinguendum</em></span> <span class='ocrx_word' id='word_1_24' title='bbox 747 855 869 959; x_wconf 75' lang='lat' dir='ltr'><em>egnis.</em></span> 
     </span>
    </p>
   </div>
   <div class='ocr_carea' id='block_1_4' title="bbox 227 1058 996 1357">
    <p class='ocr_par' dir='ltr' id='par_1_4' title="bbox 227 1058 996 1357">
     <span class='ocr_line' id='line_1_6' title="bbox 267 1058 996 1159; baseline 0.001 -27"><span class='ocrx_word' id='word_1_25' title='bbox 267 1058 424 1133; x_wconf 80' lang='lat' dir='ltr'><em>Dicamus</em></span> <span class='ocrx_word' id='word_1_26' title='bbox 449 1089 531 1135; x_wconf 93' lang='lat' dir='ltr'><em>nunc</em></span> <span class='ocrx_word' id='word_1_27' title='bbox 555 1064 602 1134; x_wconf 86' lang='lat' dir='ltr'><em>ad</em></span> <span class='ocrx_word' id='word_1_28' title='bbox 626 1062 897 1159; x_wconf 72' lang='lat' dir='ltr'><em>extinguendum,</em></span> <span class='ocrx_word' id='word_1_29' title='bbox 916 1087 996 1158; x_wconf 80' lang='lat' dir='ltr'><em>quo·</em></span> 
     </span>
     <span class='ocr_line' id='line_1_7' title="bbox 228 1157 995 1255; baseline 0.007 -27"><span class='ocrx_word' id='word_1_30' title='bbox 228 1157 291 1229; x_wconf 87' lang='lat' dir='ltr'><em>lem</em></span> <span class='ocrx_word' id='word_1_31' title='bbox 319 1183 438 1255; x_wconf 83' lang='lat' dir='ltr'><em>opeooec</em></span> <span class='ocrx_word' id='word_1_32' title='bbox 460 1168 551 1237; x_wconf 82' lang='lat' dir='ltr'><em>abere</em></span> <span class='ocrx_word' id='word_1_33' title='bbox 577 1165 780 1251; x_wconf 86' lang='lat' dir='ltr'><em>eemcdinm‚·</em></span> <span class='ocrx_word' id='word_1_34' title='bbox 810 1163 842 1247; x_wconf 85' lang='lat' dir='ltr'><em>li</em></span> <span class='ocrx_word' id='word_1_35' title='bbox 865 1166 995 1236; x_wconf 81' lang='lat' dir='ltr'><em>exarde-</em></span> 
     </span>
     <span class='ocr_line' id='line_1_8' title="bbox 227 1260 995 1357; baseline 0.007 -28"><span class='ocrx_word' id='word_1_36' title='bbox 227 1260 275 1330; x_wconf 83' lang='lat' dir='ltr'><em>cic</em></span> <span class='ocrx_word' id='word_1_37' title='bbox 309 1263 447 1357; x_wconf 83' lang='lat' dir='ltr'><em>ingnis</em></span> <span class='ocrx_word' id='word_1_38' title='bbox 485 1261 595 1357; x_wconf 72' lang='lat' dir='ltr'><em>necesse</em></span> <span class='ocrx_word' id='word_1_39' title='bbox 620 1263 663 1351; x_wconf 81' lang='lat' dir='ltr'><em>esl</em></span> <span class='ocrx_word' id='word_1_40' title='bbox 687 1291 755 1336; x_wconf 86' lang='lat' dir='ltr'><em>cum</em></span> <span class='ocrx_word' id='word_1_41' title='bbox 786 1265 825 1354; x_wconf 87' lang='lat' dir='ltr'><em>su</em></span> <span class='ocrx_word' id='word_1_42' title='bbox 829 1291 917 1334; x_wconf 82' lang='lat' dir='ltr'><em>overe</em></span> <span class='ocrx_word' id='word_1_43' title='bbox 942 1290 995 1334; x_wconf 83' lang='lat' dir='ltr'><em>ex·</em></span> 
     </span>
    </p>
   </div>
   <div class='ocr_carea' id='block_1_5' title="bbox 229 1357 1060 1458">
    <p class='ocr_par' dir='ltr' id='par_1_5' title="bbox 229 1357 1060 1458">
     <span class='ocr_line' id='line_1_9' title="bbox 229 1357 1060 1458; baseline 0.01 -27"><span class='ocrx_word' id='word_1_44' title='bbox 229 1359 393 1455; x_wconf 72' lang='lat' dir='ltr'><em>tinguere.</em></span> <span class='ocrx_word' id='word_1_45' title='bbox 429 1367 469 1438; x_wconf 79' lang='lat' dir='ltr'><em>Si</em></span> <span class='ocrx_word' id='word_1_46' title='bbox 501 1369 579 1457; x_wconf 86' lang='lat' dir='ltr'><em>plus</em></span> <span class='ocrx_word' id='word_1_47' title='bbox 602 1365 736 1458; x_wconf 81' lang='lat' dir='ltr'><em>arsenio,</em></span> <span class='ocrx_word' id='word_1_48' title='bbox 768 1391 866 1437; x_wconf 87' lang='lat' dir='ltr'><em>acena</em></span> <span class='ocrx_word' id='word_1_49' title='bbox 891 1363 998 1458; x_wconf 85' lang='lat' dir='ltr'><em>insusa</em></span> <span class='ocrx_word' id='word_1_50' title='bbox 1031 1357 1060 1428; x_wconf 82' lang='grc' dir='ltr'><strong><em>Β</em></strong></span> 
     </span>
    </p>
   </div>
   <div class='ocr_carea' id='block_1_6' title="bbox 230 1466 382 1535">
    <p class='ocr_par' dir='ltr' id='par_1_6' title="bbox 230 1466 382 1535">
     <span class='ocr_line' id='line_1_10' title="bbox 230 1466 382 1535; baseline 0.02 -3"><span class='ocrx_word' id='word_1_51' title='bbox 230 1466 357 1535; x_wconf 84' lang='lat' dir='ltr'><em>necrino</em></span> <span class='ocrx_word' id='word_1_52' title='bbox 370 1514 382 1535; x_wconf 87' lang='lat'><strong>.</strong></span> 
     </span>
    </p>
   </div>
   <div class='ocr_carea' id='block_1_7' title="bbox 496 1667 732 1746">
    <p class='ocr_par' dir='ltr' id='par_1_7' title="bbox 496 1667 732 1746">
     <span class='ocr_line' id='line_1_11' title="bbox 496 1667 732 1746; baseline 0.008 -2"><span class='ocrx_word' id='word_1_53' title='bbox 496 1673 552 1744; x_wconf 91' lang='lat' dir='ltr'><em>Dc</em></span> <span class='ocrx_word' id='word_1_54' title='bbox 578 1667 732 1746; x_wconf 83' lang='lat' dir='ltr'><em>Lazuri.</em></span> 
     </span>
    </p>
   </div>
   <div class='ocr_carea' id='block_1_8' title="bbox 282 1868 1002 1967">
    <p class='ocr_par' dir='ltr' id='par_1_8' title="bbox 282 1868 1002 1967">
     <span class='ocr_line' id='line_1_12' title="bbox 282 1868 1002 1967; baseline 0.004 -27"><span class='ocrx_word' id='word_1_55' title='bbox 282 1868 410 1962; x_wconf 65' lang='lat' dir='ltr'><em>Lazari</em></span> <span class='ocrx_word' id='word_1_56' title='bbox 421 1893 438 1940; x_wconf 90' lang='grc'><em>.·</em></span> <span class='ocrx_word' id='word_1_57' title='bbox 470 1871 649 1963; x_wconf 71' lang='lat' dir='ltr'><em>principale</em></span> <span class='ocrx_word' id='word_1_58' title='bbox 678 1871 763 1964; x_wconf 81' lang='lat' dir='ltr'><em>solia</em></span> <span class='ocrx_word' id='word_1_59' title='bbox 788 1871 887 1967; x_wconf 82' lang='lat' dir='ltr'><em>floris</em></span> <span class='ocrx_word' id='word_1_60' title='bbox 913 1870 1002 1943; x_wconf 85' lang='lat' dir='ltr'><em>viole</em></span> 
     </span>
    </p>
   </div>
   <div class='ocr_carea' id='block_1_9' title="bbox 232 1967 997 2266">
    <p class='ocr_par' dir='ltr' id='par_1_9' title="bbox 232 1967 997 2266">
     <span class='ocr_line' id='line_1_13' title="bbox 233 1967 996 2070; baseline 0.005 -30"><span class='ocrx_word' id='word_1_61' title='bbox 233 1967 344 2066; x_wconf 75' lang='lat' dir='ltr'><em>collige</em></span> <span class='ocrx_word' id='word_1_62' title='bbox 369 1975 466 2051; x_wconf 88' lang='lat' dir='ltr'><em>bene,</em></span> <span class='ocrx_word' id='word_1_63' title='bbox 497 1970 554 2070; x_wconf 7' lang='lat' dir='ltr'><em>&amp;k</em></span> <span class='ocrx_word' id='word_1_64' title='bbox 570 1973 605 2043; x_wconf 94' lang='lat' dir='ltr'><em>in</em></span> <span class='ocrx_word' id='word_1_65' title='bbox 632 1973 785 2045; x_wconf 85' lang='lat' dir='ltr'><em>muccacio</em></span> <span class='ocrx_word' id='word_1_66' title='bbox 809 1981 924 2044; x_wconf 88' lang='lat' dir='ltr'><em>mundo</em></span> <span class='ocrx_word' id='word_1_67' title='bbox 949 1994 996 2043; x_wconf 85' lang='lat' dir='ltr'><em>ce·</em></span> 
     </span>
     <span class='ocr_line' id='line_1_14' title="bbox 232 2071 997 2165; baseline 0.012 -26"><span class='ocrx_word' id='word_1_68' title='bbox 232 2095 282 2140; x_wconf 86' lang='lat' dir='ltr'><em>ees</em></span> <span class='ocrx_word' id='word_1_69' title='bbox 307 2071 404 2153; x_wconf 68' lang='lat' dir='ltr'><em>bene&gt;</em></span> <span class='ocrx_word' id='word_1_70' title='bbox 431 2076 475 2143; x_wconf 64' lang='grc' dir='ltr'><em>Θ</em></span> <span class='ocrx_word' id='word_1_71' title='bbox 501 2073 593 2144; x_wconf 86' lang='lat' dir='ltr'><em>mioce</em></span> <span class='ocrx_word' id='word_1_72' title='bbox 612 2074 760 2165; x_wconf 85' lang='lat' dir='ltr'><em>saponem</em></span> <span class='ocrx_word' id='word_1_73' title='bbox 774 2100 792 2145; x_wconf 77' lang='lat' dir='ltr'><em>c</em></span> <span class='ocrx_word' id='word_1_74' title='bbox 816 2102 854 2146; x_wconf 83' lang='lat' dir='ltr'><em>cac</em></span> <span class='ocrx_word' id='word_1_75' title='bbox 877 2100 997 2148; x_wconf 84' lang='lat' dir='ltr'><em>auc...</em></span> 
     </span>
     <span class='ocr_line' id='line_1_15' title="bbox 233 2172 997 2266; baseline 0.01 -25"><span class='ocrx_word' id='word_1_76' title='bbox 233 2173 336 2266; x_wconf 83' lang='lat' dir='ltr'><em>congia</em></span> <span class='ocrx_word' id='word_1_77' title='bbox 356 2172 427 2259; x_wconf 86' lang='lat' dir='ltr'><em>sine</em></span> <span class='ocrx_word' id='word_1_78' title='bbox 451 2175 564 2246; x_wconf 79' lang='lat' dir='ltr'><em>calcem</em></span> <span class='ocrx_word' id='word_1_79' title='bbox 590 2180 728 2248; x_wconf 79' lang='lat' dir='ltr'><em>mondus</em></span> <span class='ocrx_word' id='word_1_80' title='bbox 749 2175 847 2265; x_wconf 82' lang='lat' dir='ltr'><em>socies</em></span> <span class='ocrx_word' id='word_1_81' title='bbox 873 2203 940 2248; x_wconf 90' lang='lat' dir='ltr'><em>cum</em></span> <span class='ocrx_word' id='word_1_82' title='bbox 960 2205 997 2249; x_wconf 82' lang='grc' dir='ltr'><em>ε·</em></span> 
     </span>
    </p>
   </div>
   <div class='ocr_carea' id='block_1_10' title="bbox 1098 447 1876 1250">
    <p class='ocr_par' dir='ltr' id='par_1_10' title="bbox 1098 447 1876 1250">
     <span class='ocr_line' id='line_1_16' title="bbox 1098 447 1873 543; baseline -0.015 -21"><span class='ocrx_word' id='word_1_83' title='bbox 1098 450 1248 535; x_wconf 67' lang='lat' dir='ltr'><em>Cossium</em></span> <span class='ocrx_word' id='word_1_84' title='bbox 1263 474 1371 523; x_wconf 88' lang='lat' dir='ltr'><em>aucem</em></span> <span class='ocrx_word' id='word_1_85' title='bbox 1417 448 1567 523; x_wconf 63' lang='lat' dir='ltr'><em>collionio</em></span> <span class='ocrx_word' id='word_1_86' title='bbox 1613 447 1703 519; x_wconf 79' lang='lat' dir='ltr'><em>collis</em></span> <span class='ocrx_word' id='word_1_87' title='bbox 1746 451 1873 543; x_wconf 87' lang='lat' dir='ltr'><em>lignum</em></span> 
     </span>
     <span class='ocr_line' id='line_1_17' title="bbox 1099 548 1873 667; baseline -0.011 -44"><span class='ocrx_word' id='word_1_88' title='bbox 1099 550 1284 624; x_wconf 87' lang='lat' dir='ltr'><em>concabum.</em></span> <span class='ocrx_word' id='word_1_89' title='bbox 1311 554 1390 624; x_wconf 87' lang='lat' dir='ltr'><em>Eice</em></span> <span class='ocrx_word' id='word_1_90' title='bbox 1416 554 1602 647; x_wconf 57' lang='lat' dir='ltr'><em>Lazuoin;</em></span> <span class='ocrx_word' id='word_1_91' title='bbox 1591 554 1705 622; x_wconf 86' lang='lat' dir='ltr'><em>·crba</em></span> <span class='ocrx_word' id='word_1_92' title='bbox 1728 548 1873 667; x_wconf 80' lang='lat' dir='ltr'><em>papabc·</em></span> 
     </span>
     <span class='ocr_line' id='line_1_18' title="bbox 1100 645 1874 764; baseline -0.009 -42"><span class='ocrx_word' id='word_1_93' title='bbox 1100 652 1147 723; x_wconf 84' lang='lat' dir='ltr'><em>cic</em></span> <span class='ocrx_word' id='word_1_94' title='bbox 1181 651 1264 725; x_wconf 75' lang='lat' dir='ltr'><em>coila</em></span> <span class='ocrx_word' id='word_1_95' title='bbox 1303 679 1373 725; x_wconf 89' lang='lat' dir='ltr'><em>cum</em></span> <span class='ocrx_word' id='word_1_96' title='bbox 1407 653 1490 742; x_wconf 85' lang='lat' dir='ltr'><em>solia</em></span> <span class='ocrx_word' id='word_1_97' title='bbox 1517 653 1640 748; x_wconf 82' lang='lat' dir='ltr'><em>storum</em></span> <span class='ocrx_word' id='word_1_98' title='bbox 1675 649 1820 764; x_wconf 82' lang='lat' dir='ltr'><em>ceponio</em></span> <span class='ocrx_word' id='word_1_99' title='bbox 1837 645 1874 716; x_wconf 85' lang='lat' dir='ltr'><em>in</em></span> 
     </span>
     <span class='ocr_line' id='line_1_19' title="bbox 1099 745 1873 850; baseline -0.001 -25"><span class='ocrx_word' id='word_1_100' title='bbox 1099 752 1229 850; x_wconf 83' lang='lat' dir='ltr'><em>piniaco</em></span> <span class='ocrx_word' id='word_1_101' title='bbox 1263 780 1382 826; x_wconf 83' lang='lat' dir='ltr'><em>novum</em></span> <span class='ocrx_word' id='word_1_102' title='bbox 1416 781 1482 826; x_wconf 88' lang='lat' dir='ltr'><em>una</em></span> <span class='ocrx_word' id='word_1_103' title='bbox 1517 756 1606 845; x_wconf 86' lang='lat' dir='ltr'><em>dic,</em></span> <span class='ocrx_word' id='word_1_104' title='bbox 1644 749 1693 832; x_wconf 74' lang='lat'><em>&amp;</em></span> <span class='ocrx_word' id='word_1_105' title='bbox 1730 745 1873 847; x_wconf 66' lang='lat' dir='ltr'><em>apulos,</em></span> 
     </span>
     <span class='ocr_line' id='line_1_20' title="bbox 1102 856 1872 946; baseline -0.009 -21"><span class='ocrx_word' id='word_1_106' title='bbox 1102 856 1162 925; x_wconf 71' lang='grc' dir='ltr'><em>Θ·</em></span> <span class='ocrx_word' id='word_1_107' title='bbox 1160 876 1267 946; x_wconf 85' lang='lat' dir='ltr'><em>pones</em></span> <span class='ocrx_word' id='word_1_108' title='bbox 1291 861 1339 929; x_wconf 92' lang='lat' dir='ltr'><em>ad</em></span> <span class='ocrx_word' id='word_1_109' title='bbox 1362 881 1429 929; x_wconf 86' lang='lat' dir='ltr'><em>uno</em></span> <span class='ocrx_word' id='word_1_110' title='bbox 1452 856 1532 938; x_wconf 86' lang='lat' dir='ltr'><em>die,</em></span> <span class='ocrx_word' id='word_1_111' title='bbox 1571 858 1616 929; x_wconf 71' lang='grc' dir='ltr'><em>θ’</em></span> <span class='ocrx_word' id='word_1_112' title='bbox 1649 856 1727 925; x_wconf 82' lang='lat' dir='ltr'><em>lum</em></span> <span class='ocrx_word' id='word_1_113' title='bbox 1754 873 1872 924; x_wconf 82' lang='lat' dir='ltr'><em>marce·</em></span> 
     </span>
     <span class='ocr_line' id='line_1_21' title="bbox 1098 950 1876 1055; baseline -0.012 -29"><span class='ocrx_word' id='word_1_114' title='bbox 1098 957 1192 1048; x_wconf 70' lang='lat' dir='ltr'><em>scic,¹</em></span> <span class='ocrx_word' id='word_1_115' title='bbox 1209 961 1302 1029; x_wconf 88' lang='lat' dir='ltr'><em>colles</em></span> <span class='ocrx_word' id='word_1_116' title='bbox 1327 984 1442 1055; x_wconf 86' lang='lat' dir='ltr'><em>aquam</em></span> <span class='ocrx_word' id='word_1_117' title='bbox 1470 956 1571 1028; x_wconf 78' lang='lat' dir='ltr'><em>inllio</em></span> <span class='ocrx_word' id='word_1_118' title='bbox 1597 958 1696 1031; x_wconf 89' lang='lat' dir='ltr'><em>collon</em></span> <span class='ocrx_word' id='word_1_119' title='bbox 1724 950 1876 1033; x_wconf 78' lang='lat' dir='ltr'><em>bucilicec</em></span> 
     </span>
     <span class='ocr_line' id='line_1_22' title="bbox 1103 1046 1872 1148; baseline -0.003 -19"><span class='ocrx_word' id='word_1_120' title='bbox 1103 1085 1171 1129; x_wconf 90' lang='lat' dir='ltr'><em>cum</em></span> <span class='ocrx_word' id='word_1_121' title='bbox 1197 1059 1351 1130; x_wconf 86' lang='lat' dir='ltr'><em>modicum</em></span> <span class='ocrx_word' id='word_1_122' title='bbox 1376 1056 1576 1132; x_wconf 85' lang='lat' dir='ltr'><em>cinabaoim:</em></span> <span class='ocrx_word' id='word_1_123' title='bbox 1614 1056 1796 1148; x_wconf 85' lang='lat' dir='ltr'><em>commisce,</em></span> <span class='ocrx_word' id='word_1_124' title='bbox 1822 1046 1872 1127; x_wconf 55' lang='grc' dir='ltr'><em>(θ’</em></span> 
     </span>
     <span class='ocr_line' id='line_1_23' title="bbox 1102 1161 1481 1250; baseline 0.006 -20"><span class='ocrx_word' id='word_1_125' title='bbox 1102 1162 1184 1231; x_wconf 80' lang='lat' dir='ltr'><em>enieo</em></span> <span class='ocrx_word' id='word_1_126' title='bbox 1208 1163 1291 1232; x_wconf 85' lang='lat' dir='ltr'><em>coloe</em></span> <span class='ocrx_word' id='word_1_127' title='bbox 1312 1161 1481 1250; x_wconf 73' lang='lat' dir='ltr'><em>paucius.</em></span> 
     </span>
    </p>
   </div>
   <div class='ocr_carea' id='block_1_11' title="bbox 1272 1360 1703 1463">
    <p class='ocr_par' dir='ltr' id='par_1_11' title="bbox 1272 1360 1703 1463">
     <span class='ocr_line' id='line_1_24' title="bbox 1272 1360 1703 1463; baseline 0.002 -26"><span class='ocrx_word' id='word_1_128' title='bbox 1272 1360 1499 1463; x_wconf 80' lang='lat' dir='ltr'><em>Composotio</em></span> <span class='ocrx_word' id='word_1_129' title='bbox 1524 1362 1703 1439; x_wconf 83' lang='lat' dir='ltr'><em>Lulocin.</em></span> 
     </span>
    </p>
   </div>
   <div class='ocr_carea' id='block_1_12' title="bbox 1102 1561 1929 2271">
    <p class='ocr_par' dir='ltr' id='par_1_12' title="bbox 1102 1561 1929 2271">
     <span class='ocr_line' id='line_1_25' title="bbox 1155 1561 1874 1658; baseline -0.004 -22"><span class='ocrx_word' id='word_1_130' title='bbox 1155 1565 1253 1636; x_wconf 72' lang='lat' dir='ltr'><em>Pione</em></span> <span class='ocrx_word' id='word_1_131' title='bbox 1286 1564 1471 1645; x_wconf 90' lang='lat' dir='ltr'><em>caucalide,</em></span> <span class='ocrx_word' id='word_1_132' title='bbox 1504 1565 1591 1658; x_wconf 80' lang='lat' dir='ltr'><em>flore</em></span> <span class='ocrx_word' id='word_1_133' title='bbox 1624 1566 1690 1637; x_wconf 93' lang='lat' dir='ltr'><em>lini</em></span> <span class='ocrx_word' id='word_1_134' title='bbox 1723 1561 1874 1637; x_wconf 80' lang='lat' dir='ltr'><em>inmundi</em></span> 
     </span>
     <span class='ocr_line' id='line_1_26' title="bbox 1104 1664 1873 1762; baseline -0.001 -28"><span class='ocrx_word' id='word_1_135' title='bbox 1104 1692 1223 1756; x_wconf 79' lang='lat' dir='ltr'><em>magna</em></span> <span class='ocrx_word' id='word_1_136' title='bbox 1247 1665 1325 1738; x_wconf 89' lang='lat' dir='ltr'><em>mole</em></span> <span class='ocrx_word' id='word_1_137' title='bbox 1350 1670 1484 1739; x_wconf 83' lang='lat' dir='ltr'><em>duacum</em></span> <span class='ocrx_word' id='word_1_138' title='bbox 1500 1664 1789 1762; x_wconf 58' lang='lat' dir='ltr'><em>supradiflamm,</em></span> <span class='ocrx_word' id='word_1_139' title='bbox 1813 1674 1873 1734; x_wconf 86' lang='lat' dir='ltr'><em>de-</em></span> 
     </span>
     <span class='ocr_line' id='line_1_27' title="bbox 1104 1765 1872 1857; baseline -0.005 -19"><span class='ocrx_word' id='word_1_140' title='bbox 1104 1765 1223 1838; x_wconf 88' lang='lat' dir='ltr'><em>biolam</em></span> <span class='ocrx_word' id='word_1_141' title='bbox 1261 1781 1297 1854; x_wconf 75' lang='lat'><em>÷</em></span> <span class='ocrx_word' id='word_1_142' title='bbox 1325 1769 1352 1840; x_wconf 79' lang='lat' dir='ltr'><em>l.</em></span> <span class='ocrx_word' id='word_1_143' title='bbox 1379 1794 1519 1842; x_wconf 86' lang='lat' dir='ltr'><em>no.....</em></span> <span class='ocrx_word' id='word_1_144' title='bbox 1551 1787 1661 1857; x_wconf 82' lang='lat' dir='ltr'><em>parces</em></span> <span class='ocrx_word' id='word_1_145' title='bbox 1685 1771 1793 1848; x_wconf 87' lang='lat' dir='ltr'><em>duas,</em></span> <span class='ocrx_word' id='word_1_146' title='bbox 1828 1765 1872 1835; x_wconf 81' lang='lat' dir='ltr'><em>de</em></span> 
     </span>
     <span class='ocr_line' id='line_1_28' title="bbox 1104 1867 1929 1961; baseline 0 -25"><span class='ocrx_word' id='word_1_147' title='bbox 1104 1867 1222 1956; x_wconf 72' lang='lat' dir='ltr'><em>maiore</em></span> <span class='ocrx_word' id='word_1_148' title='bbox 1243 1889 1368 1961; x_wconf 80' lang='lat' dir='ltr'><em>paccem</em></span> <span class='ocrx_word' id='word_1_149' title='bbox 1394 1896 1512 1951; x_wconf 90' lang='lat' dir='ltr'><em>unam,</em></span> <span class='ocrx_word' id='word_1_150' title='bbox 1540 1895 1668 1961; x_wconf 83' lang='lat' dir='ltr'><em>magma</em></span> <span class='ocrx_word' id='word_1_151' title='bbox 1692 1890 1798 1940; x_wconf 73' lang='lat' dir='ltr'><em>autem</em></span> <span class='ocrx_word' id='word_1_152' title='bbox 1817 1886 1872 1936; x_wconf 84' lang='lat' dir='ltr'><em>oa·</em></span> <span class='ocrx_word' id='word_1_153' title='bbox 1925 1919 1929 1926; x_wconf 83' lang='lat'>-</span> 
     </span>
     <span class='ocr_line' id='line_1_29' title="bbox 1102 1969 1872 2065; baseline -0.004 -26"><span class='ocrx_word' id='word_1_154' title='bbox 1102 1970 1163 2040; x_wconf 92' lang='lat' dir='ltr'><em>lem</em></span> <span class='ocrx_word' id='word_1_155' title='bbox 1190 1996 1246 2041; x_wconf 85' lang='lat' dir='ltr'><em>noe</em></span> <span class='ocrx_word' id='word_1_156' title='bbox 1274 1972 1443 2064; x_wconf 85' lang='lat' dir='ltr'><em>secundum</em></span> <span class='ocrx_word' id='word_1_157' title='bbox 1478 1969 1722 2065; x_wconf 82' lang='lat' dir='ltr'><em>composicionem</em></span> <span class='ocrx_word' id='word_1_158' title='bbox 1758 1976 1872 2057; x_wconf 66' lang='lat' dir='ltr'><em>Lazo·</em></span> 
     </span>
     <span class='ocr_line' id='line_1_30' title="bbox 1104 2071 1902 2169; baseline -0.003 -29"><span class='ocrx_word' id='word_1_159' title='bbox 1104 2072 1155 2152; x_wconf 86' lang='lat' dir='ltr'><em>ei,</em></span> <span class='ocrx_word' id='word_1_160' title='bbox 1174 2071 1235 2162; x_wconf 92' lang='lat' dir='ltr'><em>sed</em></span> <span class='ocrx_word' id='word_1_161' title='bbox 1260 2093 1386 2145; x_wconf 84' lang='lat' dir='ltr'><em>cancom</em></span> <span class='ocrx_word' id='word_1_162' title='bbox 1411 2100 1480 2144; x_wconf 90' lang='lat' dir='ltr'><em>eum</em></span> <span class='ocrx_word' id='word_1_163' title='bbox 1504 2098 1613 2169; x_wconf 82' lang='lat' dir='ltr'><em>aqua:</em></span> <span class='ocrx_word' id='word_1_164' title='bbox 1637 2077 1679 2145; x_wconf 90' lang='lat' dir='ltr'><em>de</em></span> <span class='ocrx_word' id='word_1_165' title='bbox 1703 2072 1793 2149; x_wconf 79' lang='lat' dir='ltr'><em>Lilio</em></span> <span class='ocrx_word' id='word_1_166' title='bbox 1810 2095 1902 2147; x_wconf 44' lang='lat' dir='ltr'><em>aun</em></span> 
     </span>
     <span class='ocr_line' id='line_1_31' title="bbox 1102 2172 1871 2271; baseline -0.001 -29"><span class='ocrx_word' id='word_1_167' title='bbox 1102 2193 1164 2242; x_wconf 79' lang='lat' dir='ltr'><em>cem</em></span> <span class='ocrx_word' id='word_1_168' title='bbox 1192 2177 1306 2245; x_wconf 73' lang='lat' dir='ltr'><em>Veneto</em></span> <span class='ocrx_word' id='word_1_169' title='bbox 1330 2173 1447 2262; x_wconf 77' lang='lat' dir='ltr'><em>majore</em></span> <span class='ocrx_word' id='word_1_170' title='bbox 1469 2196 1593 2271; x_wconf 83' lang='lat' dir='ltr'><em>pamm</em></span> <span class='ocrx_word' id='word_1_171' title='bbox 1612 2201 1678 2245; x_wconf 83' lang='lat' dir='ltr'><em>una</em></span> <span class='ocrx_word' id='word_1_172' title='bbox 1701 2172 1759 2260; x_wconf 86' lang='lat' dir='ltr'><em>isla</em></span> <span class='ocrx_word' id='word_1_173' title='bbox 1778 2195 1871 2265; x_wconf 89' lang='lat' dir='ltr'><em>mog·</em></span> 
     </span>
    </p>
   </div>
   <div class='ocr_carea' id='block_1_13' title="bbox 232 2272 1871 2371">
    <p class='ocr_par' dir='ltr' id='par_1_13' title="bbox 232 2272 1871 2371">
     <span class='ocr_line' id='line_1_32' title="bbox 232 2272 1871 2371; baseline -0.002 -27"><span class='ocrx_word' id='word_1_174' title='bbox 232 2295 296 2368; x_wconf 80' lang='lat' dir='ltr'><em>qua</em></span> <span class='ocrx_word' id='word_1_175' title='bbox 320 2275 462 2366; x_wconf 74' lang='lat' dir='ltr'><em>tepidum</em></span> <span class='ocrx_word' id='word_1_176' title='bbox 473 2303 493 2362; x_wconf 90' lang='lat'><em>,·</em></span> <span class='ocrx_word' id='word_1_177' title='bbox 518 2275 565 2356; x_wconf 78' lang='lat'><em>&amp;</em></span> <span class='ocrx_word' id='word_1_178' title='bbox 587 2278 674 2366; x_wconf 87' lang='lat' dir='ltr'><em>solbe</em></span> <span class='ocrx_word' id='word_1_179' title='bbox 694 2278 843 2371; x_wconf 89' lang='lat' dir='ltr'><em>saponem</em></span> <span class='ocrx_word' id='word_1_180' title='bbox 868 2279 902 2348; x_wconf 92' lang='lat' dir='ltr'><em>in</em></span> <span class='ocrx_word' id='word_1_181' title='bbox 922 2280 998 2351; x_wconf 81' lang='lat' dir='ltr'><em>Lib.</em></span> <span class='ocrx_word' id='word_1_182' title='bbox 1032 2277 1065 2350; x_wconf 88' lang='lat' dir='ltr'><strong>C</strong></span> <span class='ocrx_word' id='word_1_183' title='bbox 1103 2292 1192 2346; x_wconf 75' lang='lat' dir='ltr'><em>mata</em></span> <span class='ocrx_word' id='word_1_184' title='bbox 1217 2272 1326 2367; x_wconf 85' lang='lat' dir='ltr'><em>ficnc,</em></span> <span class='ocrx_word' id='word_1_185' title='bbox 1362 2272 1473 2350; x_wconf 83' lang='lat' dir='ltr'><em>ambas</em></span> <span class='ocrx_word' id='word_1_186' title='bbox 1498 2276 1532 2347; x_wconf 93' lang='lat' dir='ltr'><em>in</em></span> <span class='ocrx_word' id='word_1_187' title='bbox 1558 2274 1682 2371; x_wconf 82' lang='lat' dir='ltr'><em>lignum</em></span> <span class='ocrx_word' id='word_1_188' title='bbox 1716 2273 1871 2346; x_wconf 80' lang='lat' dir='ltr'><em>decoioum</em></span> 
     </span>
    </p>
   </div>
   <div class='ocr_carea' id='block_1_14' title="bbox 227 2373 1004 3076">
    <p class='ocr_par' dir='ltr' id='par_1_14' title="bbox 227 2373 1001 3076">
     <span class='ocr_line' id='line_1_33' title="bbox 228 2373 999 2471; baseline 0.008 -27"><span class='ocrx_word' id='word_1_189' title='bbox 228 2397 365 2469; x_wconf 83' lang='lat' dir='ltr'><em>aque</em></span> <span class='ocrx_word' id='word_1_190' title='bbox 341 2380 428 2449; x_wconf 78' lang='lat' dir='ltr'><strong>·-··l.</strong></span> <span class='ocrx_word' id='word_1_191' title='bbox 450 2373 498 2456; x_wconf 79' lang='lat'><em>&amp;</em></span> <span class='ocrx_word' id='word_1_192' title='bbox 519 2375 621 2467; x_wconf 80' lang='lat' dir='ltr'><em>scieas</em></span> <span class='ocrx_word' id='word_1_193' title='bbox 645 2380 875 2466; x_wconf 82' lang='lat' dir='ltr'><em>bucilicees</em></span> <span class='ocrx_word' id='word_1_194' title='bbox 818 2380 922 2471; x_wconf 86' lang='lat' dir='ltr'><em>ipsum</em></span> <span class='ocrx_word' id='word_1_195' title='bbox 941 2380 999 2471; x_wconf 88' lang='lat' dir='ltr'><em>so·</em></span> 
     </span>
     <span class='ocr_line' id='line_1_34' title="bbox 227 2476 1004 2576; baseline 0.01 -32"><span class='ocrx_word' id='word_1_196' title='bbox 227 2493 340 2570; x_wconf 81' lang='lat' dir='ltr'><em>ponem</em></span> <span class='ocrx_word' id='word_1_197' title='bbox 366 2504 435 2548; x_wconf 83' lang='lat' dir='ltr'><em>cum</em></span> <span class='ocrx_word' id='word_1_198' title='bbox 459 2506 566 2575; x_wconf 83' lang='lat' dir='ltr'><em>aqua,</em></span> <span class='ocrx_word' id='word_1_199' title='bbox 603 2476 652 2558; x_wconf 72' lang='lat'><em>&amp;¹</em></span> <span class='ocrx_word' id='word_1_200' title='bbox 677 2480 819 2551; x_wconf 73' lang='lat' dir='ltr'><em>dimittis</em></span> <span class='ocrx_word' id='word_1_201' title='bbox 844 2480 1004 2576; x_wconf 79' lang='lat' dir='ltr'><em>eesringe·</em></span> 
     </span>
     <span class='ocr_line' id='line_1_35' title="bbox 231 2580 998 2770; baseline 0.011 -126"><span class='ocrx_word' id='word_1_202' title='bbox 231 2599 322 2649; x_wconf 76' lang='lat' dir='ltr'><em>care.</em></span> <span class='ocrx_word' id='word_1_203' title='bbox 354 2584 403 2651; x_wconf 80' lang='lat' dir='ltr'><em>Ec</em></span> <span class='ocrx_word' id='word_1_204' title='bbox 426 2581 505 2770; x_wconf 57' lang='lat' dir='ltr'><em>posi!</em></span> <span class='ocrx_word' id='word_1_205' title='bbox 518 2581 572 2650; x_wconf 88' lang='lat' dir='ltr'><em>bec</em></span> <span class='ocrx_word' id='word_1_206' title='bbox 597 2580 699 2653; x_wconf 81' lang='lat' dir='ltr'><em>miecio</em></span> <span class='ocrx_word' id='word_1_207' title='bbox 735 2583 837 2678; x_wconf 91' lang='lat' dir='ltr'><em>ipsam</em></span> <span class='ocrx_word' id='word_1_208' title='bbox 873 2583 998 2654; x_wconf 89' lang='lat' dir='ltr'><em>commi-</em></span> 
     </span>
     <span class='ocr_line' id='line_1_36' title="bbox 233 2675 999 2777; baseline 0.007 -29"><span class='ocrx_word' id='word_1_209' title='bbox 233 2675 371 2749; x_wconf 71' lang='lat' dir='ltr'><em>xtionem</em></span> <span class='ocrx_word' id='word_1_210' title='bbox 395 2680 431 2750; x_wconf 84' lang='lat' dir='ltr'><em>in</em></span> <span class='ocrx_word' id='word_1_211' title='bbox 453 2682 505 2775; x_wconf 88' lang='lat' dir='ltr'><em>ips</em></span> <span class='ocrx_word' id='word_1_212' title='bbox 502 2708 535 2752; x_wconf 87' lang='lat' dir='ltr'><em>os</em></span> <span class='ocrx_word' id='word_1_213' title='bbox 551 2680 654 2776; x_wconf 83' lang='lat' dir='ltr'><em>flores</em></span> <span class='ocrx_word' id='word_1_214' title='bbox 679 2686 771 2752; x_wconf 77' lang='lat' dir='ltr'><em>tricos</em></span> <span class='ocrx_word' id='word_1_215' title='bbox 796 2685 914 2755; x_wconf 80' lang='lat' dir='ltr'><em>coicnea</em></span> <span class='ocrx_word' id='word_1_216' title='bbox 930 2684 999 2777; x_wconf 87' lang='lat' dir='ltr'><em>slo-</em></span> 
     </span>
     <span class='ocr_line' id='line_1_37' title="bbox 230 2783 999 2869; baseline 0.007 -21"><span class='ocrx_word' id='word_1_217' title='bbox 230 2804 299 2850; x_wconf 85' lang='lat' dir='ltr'><em>cec.</em></span> <span class='ocrx_word' id='word_1_218' title='bbox 336 2787 386 2853; x_wconf 82' lang='lat' dir='ltr'><em>Ec</em></span> <span class='ocrx_word' id='word_1_219' title='bbox 419 2784 527 2855; x_wconf 85' lang='lat' dir='ltr'><em>micces</em></span> <span class='ocrx_word' id='word_1_220' title='bbox 563 2783 706 2853; x_wconf 76' lang='lat' dir='ltr'><em>iilum</em></span> <span class='ocrx_word' id='word_1_221' title='bbox 691 2809 726 2854; x_wconf 88' lang='lat' dir='ltr'><em>on</em></span> <span class='ocrx_word' id='word_1_222' title='bbox 762 2784 842 2869; x_wconf 72' lang='lat' dir='ltr'><em>vaso</em></span> <span class='ocrx_word' id='word_1_223' title='bbox 874 2786 999 2867; x_wconf 76' lang='lat' dir='ltr'><em>vitreo,</em></span> 
     </span>
     <span class='ocr_line' id='line_1_38' title="bbox 230 2879 1001 2979; baseline 0.006 -29"><span class='ocrx_word' id='word_1_224' title='bbox 230 2879 286 2950; x_wconf 77' lang='lat' dir='ltr'><em>ubi</em></span> <span class='ocrx_word' id='word_1_225' title='bbox 318 2883 409 2977; x_wconf 80' lang='lat' dir='ltr'><em>poffic</em></span> <span class='ocrx_word' id='word_1_226' title='bbox 446 2911 574 2955; x_wconf 87' lang='lat' dir='ltr'><em>manum</em></span> <span class='ocrx_word' id='word_1_227' title='bbox 608 2884 758 2954; x_wconf 78' lang='lat' dir='ltr'><em>minere.</em></span> <span class='ocrx_word' id='word_1_228' title='bbox 794 2889 843 2953; x_wconf 72' lang='lat' dir='ltr'><em>Ee</em></span> <span class='ocrx_word' id='word_1_229' title='bbox 877 2886 1001 2979; x_wconf 78' lang='lat' dir='ltr'><em>ceponio</em></span> 
     </span>
     <span class='ocr_line' id='line_1_39' title="bbox 231 2979 1000 3076; baseline 0.003 -24"><span class='ocrx_word' id='word_1_230' title='bbox 231 2979 310 3052; x_wconf 86' lang='lat' dir='ltr'><em>illuc</em></span> <span class='ocrx_word' id='word_1_231' title='bbox 335 2985 414 3069; x_wconf 87' lang='lat' dir='ltr'><em>ibi;</em></span> <span class='ocrx_word' id='word_1_232' title='bbox 447 2981 497 3060; x_wconf 65' lang='grc' dir='ltr'><em>(ε’</em></span> <span class='ocrx_word' id='word_1_233' title='bbox 528 2980 597 3073; x_wconf 84' lang='lat' dir='ltr'><em>pasl</em></span> <span class='ocrx_word' id='word_1_234' title='bbox 622 3002 744 3076; x_wconf 87' lang='lat' dir='ltr'><em>cempue</em></span> <span class='ocrx_word' id='word_1_235' title='bbox 778 2983 841 3055; x_wconf 85' lang='lat' dir='ltr'><em>ibic</em></span> <span class='ocrx_word' id='word_1_236' title='bbox 874 2984 1000 3054; x_wconf 89' lang='lat' dir='ltr'><em>commi·</em></span> 
     </span>
    </p>
   </div>
   <div class='ocr_carea' id='block_1_15' title="bbox 227 3081 1001 3202">
    <p class='ocr_par' dir='ltr' id='par_1_15' title="bbox 227 3081 1001 3202">
     <span class='ocr_line' id='line_1_40' title="bbox 227 3081 1001 3202; baseline 0.005 -50"><span class='ocrx_word' id='word_1_237' title='bbox 227 3081 330 3174; x_wconf 80' lang='lat' dir='ltr'><em>seem.</em></span> <span class='ocrx_word' id='word_1_238' title='bbox 370 3089 500 3202; x_wconf 77' lang='lat' dir='ltr'><em>Semper</em></span> <span class='ocrx_word' id='word_1_239' title='bbox 537 3083 705 3174; x_wconf 89' lang='lat' dir='ltr'><em>commiscis</em></span> <span class='ocrx_word' id='word_1_240' title='bbox 742 3090 847 3156; x_wconf 90' lang='lat' dir='ltr'><em>eodem</em></span> <span class='ocrx_word' id='word_1_241' title='bbox 885 3092 1001 3167; x_wconf 84' lang='lat' dir='ltr'><em>modo,</em></span> 
     </span>
    </p>
   </div>
   <div class='ocr_carea' id='block_1_16' title="bbox 1100 2375 1874 3177">
    <p class='ocr_par' dir='ltr' id='par_1_16' title="bbox 1100 2375 1874 3177">
     <span class='ocr_line' id='line_1_41' title="bbox 1101 2375 1872 2467; baseline -0.004 -21"><span class='ocrx_word' id='word_1_242' title='bbox 1101 2375 1277 2450; x_wconf 83' lang='lat' dir='ltr'><em>bucilicen.</em></span> <span class='ocrx_word' id='word_1_243' title='bbox 1320 2383 1528 2467; x_wconf 86' lang='lat' dir='ltr'><em>Reponencue</em></span> <span class='ocrx_word' id='word_1_244' title='bbox 1561 2375 1596 2447; x_wconf 90' lang='lat' dir='ltr'><em>in</em></span> <span class='ocrx_word' id='word_1_245' title='bbox 1634 2401 1696 2448; x_wconf 84' lang='lat' dir='ltr'><em>vac</em></span> <span class='ocrx_word' id='word_1_246' title='bbox 1732 2377 1872 2447; x_wconf 76' lang='lat' dir='ltr'><em>vitreum</em></span> 
     </span>
     <span class='ocr_line' id='line_1_42' title="bbox 1103 2471 1872 2572; baseline 0 -26"><span class='ocrx_word' id='word_1_247' title='bbox 1103 2498 1266 2572; x_wconf 85' lang='lat' dir='ltr'><em>magonaca</em></span> <span class='ocrx_word' id='word_1_248' title='bbox 1299 2482 1386 2550; x_wconf 86' lang='lat' dir='ltr'><em>duo:</em></span> <span class='ocrx_word' id='word_1_249' title='bbox 1420 2479 1508 2550; x_wconf 86' lang='lat' dir='ltr'><em>viola</em></span> <span class='ocrx_word' id='word_1_250' title='bbox 1540 2481 1647 2553; x_wconf 82' lang='lat' dir='ltr'><em>nucem</em></span> <span class='ocrx_word' id='word_1_251' title='bbox 1672 2477 1794 2548; x_wconf 84' lang='lat' dir='ltr'><em>minare</em></span> <span class='ocrx_word' id='word_1_252' title='bbox 1823 2471 1872 2557; x_wconf 85' lang='lat' dir='ltr'><em>si·</em></span> 
     </span>
     <span class='ocr_line' id='line_1_43' title="bbox 1102 2577 1872 2676; baseline -0.003 -29"><span class='ocrx_word' id='word_1_253' title='bbox 1102 2582 1214 2648; x_wconf 75' lang='lat' dir='ltr'><em>mutim</em></span> <span class='ocrx_word' id='word_1_254' title='bbox 1246 2580 1346 2669; x_wconf 84' lang='lat' dir='ltr'><em>socies</em></span> <span class='ocrx_word' id='word_1_255' title='bbox 1371 2607 1526 2676; x_wconf 87' lang='lat' dir='ltr'><em>magma,</em></span> <span class='ocrx_word' id='word_1_256' title='bbox 1562 2577 1611 2660; x_wconf 68' lang='grc' dir='ltr'><em>(ε’</em></span> <span class='ocrx_word' id='word_1_257' title='bbox 1635 2582 1676 2651; x_wconf 84' lang='lat' dir='ltr'><em>de</em></span> <span class='ocrx_word' id='word_1_258' title='bbox 1709 2579 1783 2649; x_wconf 87' lang='lat' dir='ltr'><em>lilio</em></span> <span class='ocrx_word' id='word_1_259' title='bbox 1810 2581 1872 2647; x_wconf 78' lang='lat' dir='ltr'><em>Ve-</em></span> 
     </span>
     <span class='ocr_line' id='line_1_44' title="bbox 1101 2679 1873 2777; baseline -0.001 -28"><span class='ocrx_word' id='word_1_260' title='bbox 1101 2703 1173 2749; x_wconf 86' lang='lat' dir='ltr'><em>neco</em></span> <span class='ocrx_word' id='word_1_261' title='bbox 1192 2679 1310 2767; x_wconf 72' lang='lat' dir='ltr'><em>maiore</em></span> <span class='ocrx_word' id='word_1_262' title='bbox 1324 2679 1471 2763; x_wconf 78' lang='lat' dir='ltr'><em>fimucim</em></span> <span class='ocrx_word' id='word_1_263' title='bbox 1484 2682 1585 2770; x_wconf 82' lang='lat' dir='ltr'><em>socies</em></span> <span class='ocrx_word' id='word_1_264' title='bbox 1606 2708 1744 2777; x_wconf 86' lang='lat' dir='ltr'><em>magna.</em></span> <span class='ocrx_word' id='word_1_265' title='bbox 1769 2679 1873 2750; x_wconf 74' lang='lat' dir='ltr'><em>Dein-</em></span> 
     </span>
     <span class='ocr_line' id='line_1_45' title="bbox 1100 2779 1873 2868; baseline 0 -19"><span class='ocrx_word' id='word_1_266' title='bbox 1100 2780 1141 2849; x_wconf 82' lang='lat' dir='ltr'><em>de</em></span> <span class='ocrx_word' id='word_1_267' title='bbox 1167 2780 1270 2851; x_wconf 75' lang='lat' dir='ltr'><em>mittis</em></span> <span class='ocrx_word' id='word_1_268' title='bbox 1295 2784 1337 2852; x_wconf 85' lang='lat' dir='ltr'><em>de</em></span> <span class='ocrx_word' id='word_1_269' title='bbox 1369 2780 1465 2868; x_wconf 80' lang='lat' dir='ltr'><em>labo,</em></span> <span class='ocrx_word' id='word_1_270' title='bbox 1502 2779 1582 2867; x_wconf 79' lang='lat' dir='ltr'><em>idesl</em></span> <span class='ocrx_word' id='word_1_271' title='bbox 1606 2783 1648 2852; x_wconf 86' lang='lat' dir='ltr'><em>de</em></span> <span class='ocrx_word' id='word_1_272' title='bbox 1672 2804 1727 2853; x_wconf 84' lang='lat' dir='ltr'><em>cuo</em></span> <span class='ocrx_word' id='word_1_273' title='bbox 1750 2780 1873 2851; x_wconf 80' lang='lat' dir='ltr'><em>callida</em></span> 
     </span>
     <span class='ocr_line' id='line_1_46' title="bbox 1103 2875 1873 2972; baseline 0.004 -25"><span class='ocrx_word' id='word_1_274' title='bbox 1103 2875 1151 2954; x_wconf 70' lang='lat'><em>&amp;¹</em></span> <span class='ocrx_word' id='word_1_275' title='bbox 1176 2882 1216 2947; x_wconf 88' lang='lat' dir='ltr'><em>de</em></span> <span class='ocrx_word' id='word_1_276' title='bbox 1241 2880 1327 2949; x_wconf 87' lang='lat' dir='ltr'><em>cenio</em></span> <span class='ocrx_word' id='word_1_277' title='bbox 1359 2901 1468 2972; x_wconf 81' lang='lat' dir='ltr'><em>parces</em></span> <span class='ocrx_word' id='word_1_278' title='bbox 1501 2889 1608 2969; x_wconf 82' lang='lat' dir='ltr'><em>duae,</em></span> <span class='ocrx_word' id='word_1_279' title='bbox 1643 2879 1690 2960; x_wconf 59' lang='grc' dir='ltr'><em>ῤ’</em></span> <span class='ocrx_word' id='word_1_280' title='bbox 1716 2891 1758 2952; x_wconf 87' lang='lat' dir='ltr'><em>da</em></span> <span class='ocrx_word' id='word_1_281' title='bbox 1781 2881 1873 2951; x_wconf 80' lang='lat' dir='ltr'><em>uiola</em></span> 
     </span>
     <span class='ocr_line' id='line_1_47' title="bbox 1104 2977 1874 3074; baseline 0.001 -26"><span class='ocrx_word' id='word_1_282' title='bbox 1104 2978 1254 3049; x_wconf 81' lang='lat' dir='ltr'><em>minorem</em></span> <span class='ocrx_word' id='word_1_283' title='bbox 1285 3000 1408 3074; x_wconf 77' lang='lat' dir='ltr'><em>panem</em></span> <span class='ocrx_word' id='word_1_284' title='bbox 1443 2982 1472 3051; x_wconf 82' lang='grc' dir='ltr'><em>Ι.</em></span> <span class='ocrx_word' id='word_1_285' title='bbox 1497 2981 1541 3048; x_wconf 66' lang='grc'><em>0</em></span> <span class='ocrx_word' id='word_1_286' title='bbox 1567 2977 1717 3067; x_wconf 77' lang='lat' dir='ltr'><em>maionem</em></span> <span class='ocrx_word' id='word_1_287' title='bbox 1746 2978 1809 3074; x_wconf 82' lang='lat' dir='ltr'><em>pac</em></span> <span class='ocrx_word' id='word_1_288' title='bbox 1795 3001 1874 3051; x_wconf 86' lang='lat' dir='ltr'><em>ecem</em></span> 
     </span>
     <span class='ocr_line' id='line_1_48' title="bbox 1105 3079 1873 3177; baseline -0.003 -25"><span class='ocrx_word' id='word_1_289' title='bbox 1105 3084 1133 3154; x_wconf 82' lang='lat' dir='ltr'><em>i.</em></span> <span class='ocrx_word' id='word_1_290' title='bbox 1168 3081 1295 3154; x_wconf 88' lang='lat' dir='ltr'><em>alumen</em></span> <span class='ocrx_word' id='word_1_291' title='bbox 1334 3079 1499 3176; x_wconf 76' lang='lat' dir='ltr'><em>Egrpcius</em></span> <span class='ocrx_word' id='word_1_292' title='bbox 1532 3080 1696 3177; x_wconf 82' lang='lat' dir='ltr'><em>spuma</em></span> <span class='ocrx_word' id='word_1_293' title='bbox 1683 3107 1718 3150; x_wconf 88' lang='lat' dir='ltr'><em>m</em></span> <span class='ocrx_word' id='word_1_294' title='bbox 1753 3081 1873 3151; x_wconf 82' lang='lat' dir='ltr'><em>Librae</em></span> 
     </span>
    </p>
   </div>
   <div class='ocr_carea' id='block_1_17' title="bbox 230 3179 1874 3280">
    <p class='ocr_par' dir='ltr' id='par_1_17' title="bbox 230 3179 1874 3280">
     <span class='ocr_line' id='line_1_49' title="bbox 230 3179 1874 3280; baseline -0.004 -24"><span class='ocrx_word' id='word_1_295' title='bbox 230 3179 279 3262; x_wconf 63' lang='lat' dir='ltr'><em>du</em></span> <span class='ocrx_word' id='word_1_296' title='bbox 304 3185 492 3277; x_wconf 74' lang='lat' dir='ltr'><em>penmonis,</em></span> <span class='ocrx_word' id='word_1_297' title='bbox 527 3183 689 3277; x_wconf 75' lang='lat' dir='ltr'><em>camiseis,</em></span> <span class='ocrx_word' id='word_1_298' title='bbox 725 3206 785 3258; x_wconf 79' lang='lat' dir='ltr'><em>auo</em></span> <span class='ocrx_word' id='word_1_299' title='bbox 819 3213 881 3259; x_wconf 91' lang='lat' dir='ltr'><em>non</em></span> <span class='ocrx_word' id='word_1_300' title='bbox 907 3187 999 3259; x_wconf 91' lang='lat' dir='ltr'><em>cami-</em></span> <span class='ocrx_word' id='word_1_301' title='bbox 1037 3186 1074 3256; x_wconf 90' lang='lat' dir='ltr'>D</span> <span class='ocrx_word' id='word_1_302' title='bbox 1104 3188 1145 3254; x_wconf 91' lang='lat' dir='ltr'><em>de</em></span> <span class='ocrx_word' id='word_1_303' title='bbox 1184 3209 1311 3277; x_wconf 83' lang='lat' dir='ltr'><em>magma</em></span> <span class='ocrx_word' id='word_1_304' title='bbox 1346 3203 1498 3280; x_wconf 75' lang='lat' dir='ltr'><em>quattuor</em></span> <span class='ocrx_word' id='word_1_305' title='bbox 1533 3183 1706 3275; x_wconf 76' lang='lat' dir='ltr'><em>specierum</em></span> <span class='ocrx_word' id='word_1_306' title='bbox 1746 3181 1874 3251; x_wconf 89' lang='lat' dir='ltr'><em>alumen</em></span> 
     </span>
    </p>
   </div>
   <div class='ocr_carea' id='block_1_18' title="bbox 225 3283 1003 3473">
    <p class='ocr_par' dir='ltr' id='par_1_18' title="bbox 225 3283 1003 3473">
     <span class='ocr_line' id='line_1_50' title="bbox 225 3283 1003 3385; baseline 0.008 -33"><span class='ocrx_word' id='word_1_307' title='bbox 225 3283 312 3376; x_wconf 71' lang='lat' dir='ltr'><em>fiis,</em></span> <span class='ocrx_word' id='word_1_308' title='bbox 346 3286 462 3356; x_wconf 76' lang='lat' dir='ltr'><em>cotidie</em></span> <span class='ocrx_word' id='word_1_309' title='bbox 496 3286 593 3354; x_wconf 86' lang='lat' dir='ltr'><em>mobis</em></span> <span class='ocrx_word' id='word_1_310' title='bbox 624 3287 770 3375; x_wconf 89' lang='lat' dir='ltr'><em>semel</em></span> <span class='ocrx_word' id='word_1_311' title='bbox 758 3312 793 3355; x_wconf 87' lang='lat' dir='ltr'><em>on</em></span> <span class='ocrx_word' id='word_1_312' title='bbox 821 3289 874 3357; x_wconf 88' lang='lat' dir='ltr'><em>die</em></span> <span class='ocrx_word' id='word_1_313' title='bbox 908 3288 1003 3385; x_wconf 84' lang='lat' dir='ltr'><em>usque</em></span> 
     </span>
     <span class='ocr_line' id='line_1_51' title="bbox 230 3384 1002 3473; baseline 0.005 -19"><span class='ocrx_word' id='word_1_314' title='bbox 230 3384 277 3455; x_wconf 85' lang='lat' dir='ltr'><em>ad</em></span> <span class='ocrx_word' id='word_1_315' title='bbox 300 3412 399 3456; x_wconf 81' lang='lat' dir='ltr'><em>unam</em></span> <span class='ocrx_word' id='word_1_316' title='bbox 423 3387 652 3459; x_wconf 81' lang='lat' dir='ltr'><em>ebdomadam.</em></span> <span class='ocrx_word' id='word_1_317' title='bbox 682 3385 755 3473; x_wconf 86' lang='lat' dir='ltr'><em>Posl</em></span> <span class='ocrx_word' id='word_1_318' title='bbox 781 3387 836 3458; x_wconf 91' lang='lat' dir='ltr'><em>bec</em></span> <span class='ocrx_word' id='word_1_319' title='bbox 859 3408 921 3458; x_wconf 82' lang='lat' dir='ltr'><em>creo</em></span> <span class='ocrx_word' id='word_1_320' title='bbox 947 3389 1002 3460; x_wconf 91' lang='lat' dir='ltr'><em>di·</em></span> 
     </span>
    </p>
   </div>
   <div class='ocr_carea' id='block_1_19' title="bbox 228 3483 1004 4088">
    <p class='ocr_par' dir='ltr' id='par_1_19' title="bbox 228 3483 1004 4088">
     <span class='ocr_line' id='line_1_52' title="bbox 231 3483 999 3577; baseline 0.004 -21"><span class='ocrx_word' id='word_1_321' title='bbox 231 3487 357 3574; x_wconf 83' lang='lat' dir='ltr'><em>miccis‚</em></span> <span class='ocrx_word' id='word_1_322' title='bbox 395 3483 442 3564; x_wconf 70' lang='lat'><em>&amp;¹</em></span> <span class='ocrx_word' id='word_1_323' title='bbox 468 3491 548 3557; x_wconf 80' lang='lat' dir='ltr'><em>duos</em></span> <span class='ocrx_word' id='word_1_324' title='bbox 571 3487 746 3577; x_wconf 86' lang='lat' dir='ltr'><em>permobic,</em></span> <span class='ocrx_word' id='word_1_325' title='bbox 783 3494 878 3561; x_wconf 89' lang='lat' dir='ltr'><em>donec</em></span> <span class='ocrx_word' id='word_1_326' title='bbox 912 3492 999 3561; x_wconf 85' lang='lat' dir='ltr'><em>deco·</em></span> 
     </span>
     <span class='ocr_line' id='line_1_53' title="bbox 232 3586 1002 3684; baseline 0 -24"><span class='ocrx_word' id='word_1_327' title='bbox 232 3611 331 3684; x_wconf 67' lang='lat' dir='ltr'><em>quas.</em></span> <span class='ocrx_word' id='word_1_328' title='bbox 368 3586 441 3673; x_wconf 86' lang='lat' dir='ltr'><em>Posl</em></span> <span class='ocrx_word' id='word_1_329' title='bbox 474 3589 529 3659; x_wconf 88' lang='lat' dir='ltr'><em>bec</em></span> <span class='ocrx_word' id='word_1_330' title='bbox 552 3589 629 3659; x_wconf 85' lang='lat' dir='ltr'><em>colle</em></span> <span class='ocrx_word' id='word_1_331' title='bbox 667 3602 705 3673; x_wconf 75' lang='grc' dir='ltr'>ι-ζ·</span> <span class='ocrx_word' id='word_1_332' title='bbox 732 3590 857 3662; x_wconf 73' lang='lat' dir='ltr'><em>lilium</em></span> <span class='ocrx_word' id='word_1_333' title='bbox 877 3590 1002 3683; x_wconf 78' lang='lat' dir='ltr'><em>suscecm</em></span> 
     </span>
     <span class='ocr_line' id='line_1_54' title="bbox 233 3688 1004 3788; baseline 0.006 -28"><span class='ocrx_word' id='word_1_334' title='bbox 233 3690 410 3778; x_wconf 83' lang='lat' dir='ltr'><em>malorem,</em></span> <span class='ocrx_word' id='word_1_335' title='bbox 437 3689 495 3786; x_wconf 81' lang='lat' dir='ltr'><em>qui</em></span> <span class='ocrx_word' id='word_1_336' title='bbox 518 3688 562 3776; x_wconf 87' lang='lat' dir='ltr'><em>csl</em></span> <span class='ocrx_word' id='word_1_337' title='bbox 585 3688 685 3785; x_wconf 80' lang='lat' dir='ltr'><em>poosbe</em></span> <span class='ocrx_word' id='word_1_338' title='bbox 694 3743 789 3765; x_wconf 90' lang='grc'><strong>.....</strong></span> <span class='ocrx_word' id='word_1_339' title='bbox 824 3694 883 3788; x_wconf 73' lang='lat' dir='ltr'><em>qui</em></span> <span class='ocrx_word' id='word_1_340' title='bbox 907 3693 1004 3764; x_wconf 78' lang='lat' dir='ltr'><em>belec</em></span> 
     </span>
     <span class='ocr_line' id='line_1_55' title="bbox 228 3790 1003 3887; baseline 0.009 -30"><span class='ocrx_word' id='word_1_341' title='bbox 228 3790 347 3884; x_wconf 80' lang='lat' dir='ltr'><em>saliam</em></span> <span class='ocrx_word' id='word_1_342' title='bbox 371 3792 479 3863; x_wconf 80' lang='lat' dir='ltr'><em>veloci</em></span> <span class='ocrx_word' id='word_1_343' title='bbox 503 3792 671 3874; x_wconf 76' lang='lat' dir='ltr'><em>coltelluc,</em></span> <span class='ocrx_word' id='word_1_344' title='bbox 702 3791 800 3875; x_wconf 84' lang='lat' dir='ltr'><em>simui</em></span> <span class='ocrx_word' id='word_1_345' title='bbox 824 3791 872 3873; x_wconf 59' lang='grc' dir='ltr'><em>ῤ’</em></span> <span class='ocrx_word' id='word_1_346' title='bbox 900 3792 1003 3887; x_wconf 89' lang='lat' dir='ltr'><em>ipsum</em></span> 
     </span>
     <span class='ocr_line' id='line_1_56' title="bbox 229 3891 1002 3980; baseline -0.004 -15"><span class='ocrx_word' id='word_1_347' title='bbox 229 3891 367 3980; x_wconf 85' lang='lat' dir='ltr'><em>desoicac</em></span> <span class='ocrx_word' id='word_1_348' title='bbox 402 3894 438 3964; x_wconf 85' lang='lat' dir='ltr'><em>in</em></span> <span class='ocrx_word' id='word_1_349' title='bbox 476 3895 628 3967; x_wconf 78' lang='lat' dir='ltr'><em>marcario</em></span> <span class='ocrx_word' id='word_1_350' title='bbox 659 3896 829 3975; x_wconf 82' lang='lat' dir='ltr'><em>bucilicec,</em></span> <span class='ocrx_word' id='word_1_351' title='bbox 864 3892 913 3974; x_wconf 73' lang='lat'><em>&amp;¹</em></span> <span class='ocrx_word' id='word_1_352' title='bbox 947 3894 1002 3968; x_wconf 87' lang='lat' dir='ltr'><em>di·</em></span> 
     </span>
     <span class='ocr_line' id='line_1_57' title="bbox 235 3992 1004 4088; baseline 0 -23"><span class='ocrx_word' id='word_1_353' title='bbox 235 3993 342 4065; x_wconf 81' lang='lat' dir='ltr'><em>oniccie</em></span> <span class='ocrx_word' id='word_1_354' title='bbox 359 3992 434 4076; x_wconf 78' lang='lat' dir='ltr'><em>sinc</em></span> <span class='ocrx_word' id='word_1_355' title='bbox 455 3996 592 4084; x_wconf 88' lang='lat' dir='ltr'><em>sapone,</em></span> <span class='ocrx_word' id='word_1_356' title='bbox 628 3996 756 4064; x_wconf 79' lang='lat' dir='ltr'><em>minens</em></span> <span class='ocrx_word' id='word_1_357' title='bbox 781 4023 918 4088; x_wconf 79' lang='lat' dir='ltr'><em>aquam.</em></span> <span class='ocrx_word' id='word_1_358' title='bbox 955 3999 1004 4068; x_wconf 81' lang='lat' dir='ltr'><em>Ec</em></span> 
     </span>
    </p>
   </div>
   <div class='ocr_carea' id='block_1_20' title="bbox 233 4089 2028 4190">
    <p class='ocr_par' dir='ltr' id='par_1_20' title="bbox 233 4089 2028 4190">
     <span class='ocr_line' id='line_1_58' title="bbox 233 4089 2028 4190; baseline 0.001 -26"><span class='ocrx_word' id='word_1_359' title='bbox 233 4092 302 4186; x_wconf 75' lang='lat' dir='ltr'><em>posi</em></span> <span class='ocrx_word' id='word_1_360' title='bbox 340 4093 391 4165; x_wconf 87' lang='lat' dir='ltr'><em>bec</em></span> <span class='ocrx_word' id='word_1_361' title='bbox 430 4094 521 4163; x_wconf 78' lang='lat' dir='ltr'><em>colles</em></span> <span class='ocrx_word' id='word_1_362' title='bbox 559 4121 599 4164; x_wconf 79' lang='lat' dir='ltr'><em>ex</em></span> <span class='ocrx_word' id='word_1_363' title='bbox 635 4094 720 4165; x_wconf 81' lang='lat' dir='ltr'><em>viole</em></span> <span class='ocrx_word' id='word_1_364' title='bbox 760 4094 1004 4189; x_wconf 77' lang='lat' dir='ltr'><em>composicionem</em></span> <span class='ocrx_word' id='word_1_365' title='bbox 1046 4091 1076 4161; x_wconf 81' lang='lat' dir='ltr'>E</span> <span class='ocrx_word' id='word_1_366' title='bbox 1111 4112 1211 4184; x_wconf 64' lang='lat' dir='ltr'><em>&lt;once</em></span> <span class='ocrx_word' id='word_1_367' title='bbox 1250 4089 1299 4173; x_wconf 55' lang='grc' dir='ltr'><strong><em>ὠ</em></strong></span> <span class='ocrx_word' id='word_1_368' title='bbox 1336 4123 1375 4166; x_wconf 80' lang='lat' dir='ltr'><em>ee</em></span> <span class='ocrx_word' id='word_1_369' title='bbox 1402 4093 1545 4189; x_wconf 72' lang='lat' dir='ltr'><em>floribus</em></span> <span class='ocrx_word' id='word_1_370' title='bbox 1580 4093 1774 4190; x_wconf 73' lang='lat' dir='ltr'><em>compositum</em></span> <span class='ocrx_word' id='word_1_371' title='bbox 1809 4093 1879 4179; x_wconf 79' lang='lat' dir='ltr'><em>cll.</em></span> <span class='ocrx_word' id='word_1_372' title='bbox 2026 4098 2028 4105; x_wconf 81' lang='lat'>&#39;</span> 
     </span>
    </p>
   </div>
   <div class='ocr_carea' id='block_1_21' title="bbox 227 4193 1009 4989">
    <p class='ocr_par' dir='ltr' id='par_1_21' title="bbox 227 4193 1009 4989">
     <span class='ocr_line' id='line_1_59' title="bbox 233 4193 1003 4290; baseline -0.006 -17"><span class='ocrx_word' id='word_1_373' title='bbox 233 4196 311 4273; x_wconf 65' lang='lat' dir='ltr'><em>lib.</em></span> <span class='ocrx_word' id='word_1_374' title='bbox 336 4198 384 4268; x_wconf 81' lang='lat' dir='ltr'><em>H.</em></span> <span class='ocrx_word' id='word_1_375' title='bbox 409 4193 536 4270; x_wconf 89' lang='lat' dir='ltr'><em>alumen</em></span> <span class='ocrx_word' id='word_1_376' title='bbox 562 4193 715 4288; x_wconf 81' lang='lat' dir='ltr'><em>Egipcii.</em></span> <span class='ocrx_word' id='word_1_377' title='bbox 742 4200 864 4290; x_wconf 74' lang='lat' dir='ltr'><em>Spuma</em></span> <span class='ocrx_word' id='word_1_378' title='bbox 884 4194 916 4278; x_wconf 76' lang='lat' dir='ltr'><em>fi</em></span> <span class='ocrx_word' id='word_1_379' title='bbox 936 4197 1003 4284; x_wconf 79' lang='lat' dir='ltr'><em>sor·</em></span> 
     </span>
     <span class='ocr_line' id='line_1_60' title="bbox 238 4295 1008 4391; baseline -0.001 -21"><span class='ocrx_word' id='word_1_380' title='bbox 238 4317 272 4370; x_wconf 84' lang='lat' dir='ltr'><em>oe</em></span> <span class='ocrx_word' id='word_1_381' title='bbox 295 4295 340 4380; x_wconf 77' lang='lat' dir='ltr'><em>esi</em></span> <span class='ocrx_word' id='word_1_382' title='bbox 359 4299 478 4390; x_wconf 83' lang='lat' dir='ltr'><em>sapone</em></span> <span class='ocrx_word' id='word_1_383' title='bbox 507 4296 687 4391; x_wconf 84' lang='lat' dir='ltr'><em>spumacum</em></span> <span class='ocrx_word' id='word_1_384' title='bbox 713 4297 840 4369; x_wconf 90' lang='lat' dir='ltr'><em>alumen</em></span> <span class='ocrx_word' id='word_1_385' title='bbox 866 4297 1008 4388; x_wconf 66' lang='lat' dir='ltr'><em>micci55</em></span> 
     </span>
     <span class='ocr_line' id='line_1_61' title="bbox 232 4396 1009 4488; baseline -0.001 -17"><span class='ocrx_word' id='word_1_386' title='bbox 232 4396 410 4488; x_wconf 73' lang='lat' dir='ltr'><em>fidelile,</em></span> <span class='ocrx_word' id='word_1_387' title='bbox 435 4404 549 4487; x_wconf 76' lang='lat' dir='ltr'><em>enudus</em></span> <span class='ocrx_word' id='word_1_388' title='bbox 564 4447 582 4480; x_wconf 79' lang='lat'><em>,</em></span> <span class='ocrx_word' id='word_1_389' title='bbox 612 4396 715 4468; x_wconf 76' lang='lat' dir='ltr'><em>miecio</em></span> <span class='ocrx_word' id='word_1_390' title='bbox 743 4411 781 4483; x_wconf 71' lang='grc' dir='ltr'><em>-ζ-</em></span> <span class='ocrx_word' id='word_1_391' title='bbox 819 4403 864 4472; x_wconf 81' lang='lat' dir='ltr'><em>li.</em></span> <span class='ocrx_word' id='word_1_392' title='bbox 889 4401 1009 4476; x_wconf 83' lang='lat' dir='ltr'><em>bucina</em></span> 
     </span>
     <span class='ocr_line' id='line_1_62' title="bbox 227 4500 1006 4598; baseline 0.004 -27"><span class='ocrx_word' id='word_1_393' title='bbox 227 4501 386 4598; x_wconf 72' lang='lat' dir='ltr'><em>spumata</em></span> <span class='ocrx_word' id='word_1_394' title='bbox 412 4502 488 4575; x_wconf 76' lang='lat' dir='ltr'><em>Lib.</em></span> <span class='ocrx_word' id='word_1_395' title='bbox 515 4506 542 4574; x_wconf 84' lang='lat' dir='ltr'><em>l.</em></span> <span class='ocrx_word' id='word_1_396' title='bbox 572 4501 617 4570; x_wconf 68' lang='lat' dir='ltr'><em>O·</em></span> <span class='ocrx_word' id='word_1_397' title='bbox 643 4503 729 4570; x_wconf 85' lang='lat' dir='ltr'><em>lenco</em></span> <span class='ocrx_word' id='word_1_398' title='bbox 765 4500 838 4596; x_wconf 82' lang='lat' dir='ltr'><em>igni</em></span> <span class='ocrx_word' id='word_1_399' title='bbox 860 4502 1006 4597; x_wconf 80' lang='lat' dir='ltr'><em>decoquas</em></span> 
     </span>
     <span class='ocr_line' id='line_1_63' title="bbox 235 4601 1005 4695; baseline 0.003 -22"><span class='ocrx_word' id='word_1_400' title='bbox 235 4603 463 4695; x_wconf 75' lang='lat' dir='ltr'><em>perorasses</em></span> <span class='ocrx_word' id='word_1_401' title='bbox 486 4601 537 4689; x_wconf 67' lang='grc' dir='ltr'><em>(γ’</em></span> <span class='ocrx_word' id='word_1_402' title='bbox 557 4603 656 4691; x_wconf 80' lang='lat' dir='ltr'><em>fimul</em></span> <span class='ocrx_word' id='word_1_403' title='bbox 680 4623 811 4675; x_wconf 87' lang='lat' dir='ltr'><em>c.....</em></span> <span class='ocrx_word' id='word_1_404' title='bbox 839 4602 905 4692; x_wconf 79' lang='lat' dir='ltr'><em>cll,</em></span> <span class='ocrx_word' id='word_1_405' title='bbox 929 4605 1005 4675; x_wconf 87' lang='lat' dir='ltr'><em>mic·</em></span> 
     </span>
     <span class='ocr_line' id='line_1_64' title="bbox 240 4701 1007 4785; baseline 0.001 -10"><span class='ocrx_word' id='word_1_406' title='bbox 240 4703 285 4775; x_wconf 82' lang='lat' dir='ltr'><em>oic</em></span> <span class='ocrx_word' id='word_1_407' title='bbox 322 4701 459 4775; x_wconf 72' lang='lat' dir='ltr'><em>vurinam</em></span> <span class='ocrx_word' id='word_1_408' title='bbox 492 4701 571 4785; x_wconf 80' lang='lat' dir='ltr'><em>five</em></span> <span class='ocrx_word' id='word_1_409' title='bbox 607 4704 776 4775; x_wconf 82' lang='lat' dir='ltr'><em>romuleum</em></span> <span class='ocrx_word' id='word_1_410' title='bbox 819 4707 1007 4781; x_wconf 84' lang='lat' dir='ltr'><em>Venecum.</em></span> 
     </span>
     <span class='ocr_line' id='line_1_65' title="bbox 232 4804 1009 4901; baseline 0.003 -26"><span class='ocrx_word' id='word_1_411' title='bbox 232 4804 356 4875; x_wconf 78' lang='grc' dir='ltr'><em>-Μεεεὶε</em></span> <span class='ocrx_word' id='word_1_412' title='bbox 376 4806 453 4901; x_wconf 77' lang='lat' dir='ltr'><em>plus</em></span> <span class='ocrx_word' id='word_1_413' title='bbox 477 4804 608 4878; x_wconf 83' lang='lat' dir='ltr'><em>alumen</em></span> <span class='ocrx_word' id='word_1_414' title='bbox 622 4857 635 4876; x_wconf 85' lang='lat'><strong>.</strong></span> <span class='ocrx_word' id='word_1_415' title='bbox 659 4809 688 4874; x_wconf 77' lang='lat' dir='ltr'><em>S</em></span> <span class='ocrx_word' id='word_1_416' title='bbox 688 4806 702 4872; x_wconf 89' lang='lat' dir='ltr'><em>i</em></span> <span class='ocrx_word' id='word_1_417' title='bbox 725 4829 832 4878; x_wconf 81' lang='lat' dir='ltr'><em>ouccm</em></span> <span class='ocrx_word' id='word_1_418' title='bbox 860 4807 1009 4897; x_wconf 59' lang='lat' dir='ltr'><em>Lazuoin</em></span> 
     </span>
     <span class='ocr_line' id='line_1_66' title="bbox 235 4903 1009 4989; baseline -0.004 -8"><span class='ocrx_word' id='word_1_419' title='bbox 235 4903 492 4988; x_wconf 75' lang='lat' dir='ltr'><em>visci........</em></span> <span class='ocrx_word' id='word_1_420' title='bbox 515 4932 558 4977; x_wconf 76' lang='lat' dir='ltr'><em>ece</em></span> <span class='ocrx_word' id='word_1_421' title='bbox 579 4907 653 4977; x_wconf 84' lang='lat' dir='ltr'><em>albo</em></span> <span class='ocrx_word' id='word_1_422' title='bbox 677 4905 788 4976; x_wconf 83' lang='lat' dir='ltr'><em>lilium</em></span> <span class='ocrx_word' id='word_1_423' title='bbox 810 4909 1009 4989; x_wconf 82' lang='lat' dir='ltr'><em>domeslicoom</em></span> 
     </span>
    </p>
   </div>
   <div class='ocr_carea' id='block_1_22' title="bbox 240 5004 1009 5106">
    <p class='ocr_par' dir='ltr' id='par_1_22' title="bbox 240 5004 1009 5106">
     <span class='ocr_line' id='line_1_67' title="bbox 240 5004 1009 5106; baseline 0.003 -26"><span class='ocrx_word' id='word_1_424' title='bbox 240 5008 381 5093; x_wconf 66' lang='lat' dir='ltr'><em>mutio,</em></span> <span class='ocrx_word' id='word_1_425' title='bbox 420 5032 504 5105; x_wconf 73' lang='lat' dir='ltr'><em>quas</em></span> <span class='ocrx_word' id='word_1_426' title='bbox 536 5004 717 5099; x_wconf 70' lang='lat' dir='ltr'><em>sufficiat,</em></span> <span class='ocrx_word' id='word_1_427' title='bbox 756 5009 803 5080; x_wconf 70' lang='grc'><em>0·</em></span> <span class='ocrx_word' id='word_1_428' title='bbox 837 5011 1009 5106; x_wconf 78' lang='lat' dir='ltr'><em>decoqueo.</em></span> 
     </span>
    </p>
   </div>
   <div class='ocr_carea' id='block_1_23' title="bbox 1104 3281 1878 4086">
    <p class='ocr_par' dir='ltr' id='par_1_23' title="bbox 1104 3281 1878 4086">
     <span class='ocr_line' id='line_1_68' title="bbox 1105 3281 1861 3381; baseline -0.003 -27"><span class='ocrx_word' id='word_1_429' title='bbox 1105 3282 1173 3355; x_wconf 80' lang='lat' dir='ltr'><em>sol.</em></span> <span class='ocrx_word' id='word_1_430' title='bbox 1203 3287 1241 3357; x_wconf 81' lang='lat' dir='ltr'><em>V.</em></span> <span class='ocrx_word' id='word_1_431' title='bbox 1263 3285 1381 3381; x_wconf 88' lang='lat' dir='ltr'><em>sapone</em></span> <span class='ocrx_word' id='word_1_432' title='bbox 1405 3312 1443 3354; x_wconf 83' lang='lat' dir='ltr'><em>coc</em></span> <span class='ocrx_word' id='word_1_433' title='bbox 1467 3283 1611 3378; x_wconf 81' lang='lat' dir='ltr'><em>axungia</em></span> <span class='ocrx_word' id='word_1_434' title='bbox 1631 3281 1700 3367; x_wconf 83' lang='lat' dir='ltr'><em>sine</em></span> <span class='ocrx_word' id='word_1_435' title='bbox 1719 3281 1799 3354; x_wconf 90' lang='lat' dir='ltr'><em>calce</em></span> <span class='ocrx_word' id='word_1_436' title='bbox 1824 3293 1861 3365; x_wconf 58' lang='grc' dir='ltr'><strong>ᾇ</strong></span> 
     </span>
     <span class='ocr_line' id='line_1_69' title="bbox 1107 3385 1875 3482; baseline -0.001 -25"><span class='ocrx_word' id='word_1_437' title='bbox 1107 3389 1135 3458; x_wconf 86' lang='grc' dir='ltr'><em>Ῑ.</em></span> <span class='ocrx_word' id='word_1_438' title='bbox 1166 3385 1229 3473; x_wconf 84' lang='lat' dir='ltr'><em>isla</em></span> <span class='ocrx_word' id='word_1_439' title='bbox 1252 3394 1421 3482; x_wconf 78' lang='lat' dir='ltr'><em>decoqocs.</em></span> <span class='ocrx_word' id='word_1_440' title='bbox 1448 3387 1614 3456; x_wconf 86' lang='lat' dir='ltr'><em>Modicum</em></span> <span class='ocrx_word' id='word_1_441' title='bbox 1640 3406 1720 3456; x_wconf 82' lang='lat' dir='ltr'><em>ceres</em></span> <span class='ocrx_word' id='word_1_442' title='bbox 1747 3410 1875 3480; x_wconf 80' lang='lat' dir='ltr'><em>ungun-</em></span> 
     </span>
     <span class='ocr_line' id='line_1_70' title="bbox 1107 3483 1876 3576; baseline 0.001 -20"><span class='ocrx_word' id='word_1_443' title='bbox 1107 3508 1197 3576; x_wconf 75' lang='lat' dir='ltr'><em>tum,</em></span> <span class='ocrx_word' id='word_1_444' title='bbox 1232 3491 1448 3561; x_wconf 81' lang='lat' dir='ltr'><em>ceneobiacnm</em></span> <span class='ocrx_word' id='word_1_445' title='bbox 1482 3511 1618 3560; x_wconf 74' lang='lat' dir='ltr'><em>unacum</em></span> <span class='ocrx_word' id='word_1_446' title='bbox 1646 3483 1721 3560; x_wconf 84' lang='lat' dir='ltr'><em>Lib.</em></span> <span class='ocrx_word' id='word_1_447' title='bbox 1748 3489 1774 3558; x_wconf 81' lang='lat'><em>1.</em></span> <span class='ocrx_word' id='word_1_448' title='bbox 1802 3486 1876 3573; x_wconf 78' lang='lat' dir='ltr'><em>Posl</em></span> 
     </span>
     <span class='ocr_line' id='line_1_71' title="bbox 1107 3586 1877 3686; baseline -0.001 -28"><span class='ocrx_word' id='word_1_449' title='bbox 1107 3590 1160 3658; x_wconf 87' lang='lat' dir='ltr'><em>bec</em></span> <span class='ocrx_word' id='word_1_450' title='bbox 1194 3591 1348 3683; x_wconf 80' lang='lat' dir='ltr'><em>commisce</em></span> <span class='ocrx_word' id='word_1_451' title='bbox 1380 3617 1508 3686; x_wconf 84' lang='lat' dir='ltr'><em>magma</em></span> <span class='ocrx_word' id='word_1_452' title='bbox 1543 3586 1670 3659; x_wconf 78' lang='lat' dir='ltr'><em>decoila</em></span> <span class='ocrx_word' id='word_1_453' title='bbox 1705 3613 1775 3658; x_wconf 86' lang='lat' dir='ltr'><em>cum</em></span> <span class='ocrx_word' id='word_1_454' title='bbox 1809 3587 1877 3681; x_wconf 83' lang='lat' dir='ltr'><em>ipso</em></span> 
     </span>
     <span class='ocr_line' id='line_1_72' title="bbox 1108 3686 1877 3786; baseline -0.001 -27"><span class='ocrx_word' id='word_1_455' title='bbox 1108 3709 1271 3781; x_wconf 75' lang='lat' dir='ltr'><em>nuatum,</em></span> <span class='ocrx_word' id='word_1_456' title='bbox 1310 3695 1355 3764; x_wconf 75' lang='grc' dir='ltr'><em>Ο·</em></span> <span class='ocrx_word' id='word_1_457' title='bbox 1379 3693 1500 3781; x_wconf 88' lang='lat' dir='ltr'><em>comisce</em></span> <span class='ocrx_word' id='word_1_458' title='bbox 1527 3719 1595 3763; x_wconf 90' lang='lat' dir='ltr'><em>cum</em></span> <span class='ocrx_word' id='word_1_459' title='bbox 1620 3686 1759 3761; x_wconf 79' lang='lat' dir='ltr'><em>collione</em></span> <span class='ocrx_word' id='word_1_460' title='bbox 1783 3716 1877 3786; x_wconf 87' lang='lat' dir='ltr'><em>mag·</em></span> 
     </span>
     <span class='ocr_line' id='line_1_73' title="bbox 1109 3789 1878 3882; baseline 0 -22"><span class='ocrx_word' id='word_1_461' title='bbox 1109 3817 1184 3871; x_wconf 92' lang='lat' dir='ltr'><em>me,</em></span> <span class='ocrx_word' id='word_1_462' title='bbox 1219 3789 1268 3869; x_wconf 65' lang='grc' dir='ltr'><em>(ε’</em></span> <span class='ocrx_word' id='word_1_463' title='bbox 1304 3794 1452 3863; x_wconf 84' lang='lat' dir='ltr'><em>bucilicee</em></span> <span class='ocrx_word' id='word_1_464' title='bbox 1485 3813 1592 3872; x_wconf 84' lang='lat' dir='ltr'><em>cenes,</em></span> <span class='ocrx_word' id='word_1_465' title='bbox 1631 3800 1726 3861; x_wconf 86' lang='lat' dir='ltr'><em>donec</em></span> <span class='ocrx_word' id='word_1_466' title='bbox 1762 3790 1878 3882; x_wconf 78' lang='lat' dir='ltr'><em>pulvis</em></span> 
     </span>
     <span class='ocr_line' id='line_1_74' title="bbox 1104 3889 1876 3983; baseline -0.003 -20"><span class='ocrx_word' id='word_1_467' title='bbox 1104 3889 1192 3983; x_wconf 80' lang='lat' dir='ltr'><em>fiac.</em></span> <span class='ocrx_word' id='word_1_468' title='bbox 1229 3891 1337 3962; x_wconf 83' lang='lat' dir='ltr'><em>Tollec</em></span> <span class='ocrx_word' id='word_1_469' title='bbox 1367 3890 1436 3982; x_wconf 78' lang='lat' dir='ltr'><em>poll</em></span> <span class='ocrx_word' id='word_1_470' title='bbox 1475 3892 1526 3961; x_wconf 90' lang='lat' dir='ltr'><em>bec</em></span> <span class='ocrx_word' id='word_1_471' title='bbox 1554 3891 1600 3969; x_wconf 64' lang='grc' dir='ltr'><em>(φ</em></span> <span class='ocrx_word' id='word_1_472' title='bbox 1627 3911 1722 3980; x_wconf 85' lang='lat' dir='ltr'><em>pones</em></span> <span class='ocrx_word' id='word_1_473' title='bbox 1747 3909 1791 3963; x_wconf 85' lang='lat' dir='ltr'><em>aa</em></span> <span class='ocrx_word' id='word_1_474' title='bbox 1817 3898 1876 3964; x_wconf 78' lang='lat' dir='ltr'><em>So·</em></span> 
     </span>
     <span class='ocr_line' id='line_1_75' title="bbox 1111 3990 1877 4086; baseline 0.004 -26"><span class='ocrx_word' id='word_1_475' title='bbox 1111 3994 1203 4064; x_wconf 90' lang='lat' dir='ltr'><em>lem.</em></span> <span class='ocrx_word' id='word_1_476' title='bbox 1251 3990 1340 4079; x_wconf 80' lang='lat' dir='ltr'><em>Istud</em></span> <span class='ocrx_word' id='word_1_477' title='bbox 1380 3991 1424 4077; x_wconf 92' lang='lat' dir='ltr'><em>esl</em></span> <span class='ocrx_word' id='word_1_478' title='bbox 1463 3993 1637 4079; x_wconf 67' lang='lat' dir='ltr'><em>lalacim.</em></span> <span class='ocrx_word' id='word_1_479' title='bbox 1680 3992 1877 4086; x_wconf 57' lang='lat' dir='ltr'><em>Zebelazuni</em></span> 
     </span>
    </p>
   </div>
   <div class='ocr_carea' id='block_1_24' title="bbox 1105 4195 1882 5199">
    <p class='ocr_par' dir='ltr' id='par_1_24' title="bbox 1105 4195 1882 5199">
     <span class='ocr_line' id='line_1_76' title="bbox 1114 4195 1878 4293; baseline -0.001 -28"><span class='ocrx_word' id='word_1_480' title='bbox 1114 4195 1225 4265; x_wconf 77' lang='lat' dir='ltr'><em>Flam</em></span> <span class='ocrx_word' id='word_1_481' title='bbox 1250 4199 1414 4286; x_wconf 82' lang='lat' dir='ltr'><em>neolacic,</em></span> <span class='ocrx_word' id='word_1_482' title='bbox 1448 4199 1533 4293; x_wconf 80' lang='lat' dir='ltr'><em>quod</em></span> <span class='ocrx_word' id='word_1_483' title='bbox 1560 4196 1759 4292; x_wconf 77' lang='lat' dir='ltr'><em>goegecapfia</em></span> <span class='ocrx_word' id='word_1_484' title='bbox 1795 4196 1878 4265; x_wconf 88' lang='lat' dir='ltr'><em>diei·</em></span> 
     </span>
     <span class='ocr_line' id='line_1_77' title="bbox 1113 4293 1879 4389; baseline -0.001 -24"><span class='ocrx_word' id='word_1_485' title='bbox 1113 4316 1188 4385; x_wconf 82' lang='lat' dir='ltr'><em>cuo,</em></span> <span class='ocrx_word' id='word_1_486' title='bbox 1223 4298 1287 4371; x_wconf 83' lang='lat' dir='ltr'><em>alii</em></span> <span class='ocrx_word' id='word_1_487' title='bbox 1319 4301 1513 4371; x_wconf 81' lang='lat' dir='ltr'><em>cameleonco</em></span> <span class='ocrx_word' id='word_1_488' title='bbox 1526 4323 1548 4383; x_wconf 84' lang='lat'><em>,·</em></span> <span class='ocrx_word' id='word_1_489' title='bbox 1582 4295 1695 4389; x_wconf 87' lang='lat' dir='ltr'><em>collige</em></span> <span class='ocrx_word' id='word_1_490' title='bbox 1725 4293 1808 4385; x_wconf 75' lang='lat' dir='ltr'><em>stane</em></span> <span class='ocrx_word' id='word_1_491' title='bbox 1834 4299 1879 4372; x_wconf 64' lang='grc' dir='ltr'><em>θ</em></span> 
     </span>
     <span class='ocr_line' id='line_1_78' title="bbox 1114 4398 1880 4494; baseline 0.003 -28"><span class='ocrx_word' id='word_1_492' title='bbox 1114 4414 1254 4492; x_wconf 78' lang='lat' dir='ltr'><em>oepone;</em></span> <span class='ocrx_word' id='word_1_493' title='bbox 1288 4398 1338 4480; x_wconf 63' lang='grc' dir='ltr'><em>ῥ’</em></span> <span class='ocrx_word' id='word_1_494' title='bbox 1369 4406 1435 4494; x_wconf 80' lang='lat' dir='ltr'><em>pasl</em></span> <span class='ocrx_word' id='word_1_495' title='bbox 1460 4398 1513 4467; x_wconf 89' lang='lat' dir='ltr'><em>bec</em></span> <span class='ocrx_word' id='word_1_496' title='bbox 1539 4423 1643 4492; x_wconf 81' lang='lat' dir='ltr'><em>ungue</em></span> <span class='ocrx_word' id='word_1_497' title='bbox 1666 4423 1779 4468; x_wconf 82' lang='lat' dir='ltr'><em>monuo</em></span> <span class='ocrx_word' id='word_1_498' title='bbox 1806 4418 1880 4468; x_wconf 78' lang='lat' dir='ltr'><em>tuac</em></span> 
     </span>
     <span class='ocr_line' id='line_1_79' title="bbox 1113 4496 1880 4595; baseline 0.003 -27"><span class='ocrx_word' id='word_1_499' title='bbox 1113 4526 1154 4569; x_wconf 82' lang='lat' dir='ltr'><em>coe</em></span> <span class='ocrx_word' id='word_1_500' title='bbox 1181 4500 1301 4595; x_wconf 87' lang='lat' dir='ltr'><em>sapone</em></span> <span class='ocrx_word' id='word_1_501' title='bbox 1327 4497 1462 4573; x_wconf 68' lang='lat' dir='ltr'><em>decada</em></span> <span class='ocrx_word' id='word_1_502' title='bbox 1491 4496 1561 4582; x_wconf 82' lang='lat' dir='ltr'><em>fine</em></span> <span class='ocrx_word' id='word_1_503' title='bbox 1588 4497 1669 4569; x_wconf 84' lang='lat' dir='ltr'><em>calco</em></span> <span class='ocrx_word' id='word_1_504' title='bbox 1694 4498 1739 4569; x_wconf 64' lang='grc' dir='ltr'><em>θ</em></span> <span class='ocrx_word' id='word_1_505' title='bbox 1763 4499 1880 4571; x_wconf 75' lang='lat' dir='ltr'><em>deinde</em></span> 
     </span>
     <span class='ocr_line' id='line_1_80' title="bbox 1107 4595 1880 4698; baseline 0.012 -33"><span class='ocrx_word' id='word_1_506' title='bbox 1107 4599 1210 4690; x_wconf 79' lang='lat' dir='ltr'><em>scieas</em></span> <span class='ocrx_word' id='word_1_507' title='bbox 1245 4604 1330 4670; x_wconf 84' lang='lat' dir='ltr'><em>inceo</em></span> <span class='ocrx_word' id='word_1_508' title='bbox 1364 4624 1475 4672; x_wconf 83' lang='lat' dir='ltr'><em>manns</em></span> <span class='ocrx_word' id='word_1_509' title='bbox 1509 4599 1634 4693; x_wconf 78' lang='lat' dir='ltr'><em>flores,</em></span> <span class='ocrx_word' id='word_1_510' title='bbox 1670 4595 1719 4678; x_wconf 61' lang='grc' dir='ltr'><em>ἐφ’</em></span> <span class='ocrx_word' id='word_1_511' title='bbox 1753 4623 1880 4698; x_wconf 76' lang='lat' dir='ltr'><em>copones</em></span> 
     </span>
     <span class='ocr_line' id='line_1_81' title="bbox 1114 4700 1881 4800; baseline 0.004 -28"><span class='ocrx_word' id='word_1_512' title='bbox 1114 4700 1149 4772; x_wconf 93' lang='lat' dir='ltr'><em>in</em></span> <span class='ocrx_word' id='word_1_513' title='bbox 1184 4703 1285 4787; x_wconf 84' lang='lat' dir='ltr'><em>vaso.</em></span> <span class='ocrx_word' id='word_1_514' title='bbox 1323 4702 1395 4783; x_wconf 77' lang='lat' dir='ltr'><em>Posi</em></span> <span class='ocrx_word' id='word_1_515' title='bbox 1430 4703 1484 4799; x_wconf 80' lang='lat' dir='ltr'><em>bec</em></span> <span class='ocrx_word' id='word_1_516' title='bbox 1517 4729 1623 4800; x_wconf 82' lang='lat' dir='ltr'><em>ungue</em></span> <span class='ocrx_word' id='word_1_517' title='bbox 1655 4730 1768 4776; x_wconf 82' lang='lat' dir='ltr'><em>manus</em></span> <span class='ocrx_word' id='word_1_518' title='bbox 1807 4727 1881 4775; x_wconf 85' lang='lat' dir='ltr'><em>coac</em></span> 
     </span>
     <span class='ocr_line' id='line_1_82' title="bbox 1107 4802 1879 4897; baseline -0.003 -23"><span class='ocrx_word' id='word_1_519' title='bbox 1107 4802 1228 4897; x_wconf 80' lang='lat' dir='ltr'><em>sapone</em></span> <span class='ocrx_word' id='word_1_520' title='bbox 1252 4806 1297 4875; x_wconf 75' lang='grc' dir='ltr'><em>Ο·</em></span> <span class='ocrx_word' id='word_1_521' title='bbox 1325 4810 1405 4897; x_wconf 81' lang='lat' dir='ltr'><em>ipsos</em></span> <span class='ocrx_word' id='word_1_522' title='bbox 1433 4803 1553 4895; x_wconf 23' lang='lat' dir='ltr'><em>‘floren</em></span> <span class='ocrx_word' id='word_1_523' title='bbox 1593 4810 1711 4879; x_wconf 77' lang='lat' dir='ltr'><em>Iterum</em></span> <span class='ocrx_word' id='word_1_524' title='bbox 1745 4805 1879 4890; x_wconf 82' lang='lat' dir='ltr'><em>desoicac</em></span> 
     </span>
     <span class='ocr_line' id='line_1_83' title="bbox 1112 4901 1882 5001; baseline 0 -28"><span class='ocrx_word' id='word_1_525' title='bbox 1112 4907 1175 4976; x_wconf 71' lang='lat' dir='ltr'><em>div</em></span> <span class='ocrx_word' id='word_1_526' title='bbox 1183 4958 1277 4980; x_wconf 90' lang='grc'><strong>.....</strong></span> <span class='ocrx_word' id='word_1_527' title='bbox 1304 4907 1348 4977; x_wconf 66' lang='grc' dir='ltr'><em>Θ</em></span> <span class='ocrx_word' id='word_1_528' title='bbox 1374 4906 1515 5001; x_wconf 80' lang='lat' dir='ltr'><em>reponis.</em></span> <span class='ocrx_word' id='word_1_529' title='bbox 1541 4909 1676 4992; x_wconf 76' lang='lat' dir='ltr'><em>Facies,</em></span> <span class='ocrx_word' id='word_1_530' title='bbox 1700 4911 1794 4974; x_wconf 83' lang='lat' dir='ltr'><em>donec</em></span> <span class='ocrx_word' id='word_1_531' title='bbox 1819 4901 1882 5000; x_wconf 76' lang='lat' dir='ltr'><em>ipss</em></span> 
     </span>
     <span class='ocr_line' id='line_1_84' title="bbox 1105 5004 1879 5199; baseline -0.004 -120"><span class='ocrx_word' id='word_1_532' title='bbox 1105 5005 1205 5098; x_wconf 76' lang='lat' dir='ltr'><em>flocco</em></span> <span class='ocrx_word' id='word_1_533' title='bbox 1238 5009 1514 5102; x_wconf 71' lang='lat' dir='ltr'><em>consummatam.</em></span> <span class='ocrx_word' id='word_1_534' title='bbox 1546 5013 1599 5080; x_wconf 73' lang='lat' dir='ltr'><em>Eo</em></span> <span class='ocrx_word' id='word_1_535' title='bbox 1636 5006 1820 5199; x_wconf 64' lang='lat' dir='ltr'><em>cepoficums</em></span> <span class='ocrx_word' id='word_1_536' title='bbox 1841 5004 1879 5076; x_wconf 85' lang='lat' dir='ltr'><em>in</em></span> 
     </span>
     <span class='ocr_line' id='line_1_85' title="bbox 1750 5131 1832 5180; baseline -0.024 0"><span class='ocrx_word' id='word_1_537' title='bbox 1750 5131 1832 5180; x_wconf 79' lang='lat' dir='ltr'><em>vac</em></span> 
     </span>
    </p>
   </div>
   <div class='ocr_carea' id='block_1_25' title="bbox 0 0 2126 6004">
    <p class='ocr_par' dir='ltr' id='par_1_25' title="bbox 0 0 2126 6004">
     <span class='ocr_line' id='line_1_86' title="bbox 0 0 2126 6004; baseline 0 0"><span class='ocrx_word' id='word_1_538' title='bbox 0 0 2126 6004; x_wconf 95' lang='lat' dir='ltr'><em> </em></span> 
     </span>
    </p>
   </div>
  </div>
 </body>
</html>
