4216 6014
292 348 376 452 ιη
560 339 998 457 Antronrr.
1045 336 1534 428 mentiatur
1717 282 1806 458 icc

244 443 384 551 'Quid
422 459 559 555 Malgae
595 456 748 549 iureint,
785 457 995 532 hariolando
1018 460 1064 555 ,A
1104 456 1217 530 tutius
1251 458 1408 555 opineris
1435 468 1559 532 Turtam
1583 486 1603 533 e
1630 458 1762 536 Latino
1788 468 1863 534 Ta·

231 559 376 655 quidem
397 585 572 651 exponere
599 560 751 657 possem,
780 557 834 632 sed
863 579 993 633 certam
1018 558 1022 583 ¹
1091 585 1177 629 ⁴tratre
1195 559 1424 649 descendisse,
1451 560 1492 634 ad
1521 557 1782 660 significandum
1803 558 1866 634 vi·-

229 658 281 732 rei
321 658 614 758 fignificationem
648 660 854 753 neutiquam
892 661 993 735 effer·
1103 659 1268 752 delicet,
1309 661 1394 758 quid
1436 660 1676 736 animatione
1717 657 1810 735 frat
1843 687 1866 735 u

228 784 286 832 re.
313 759 413 854 Quid
443 767 525 835 vero
551 760 692 850 Tensae,
728 787 876 859 quarum
903 763 992 835 item
1102 762 1261 858 qualibet
1284 760 1451 863 singulari
1480 761 1621 862 persona
1649 782 1711 836 aut
1734 760 1865 840 Colle·

227 885 358 935 nornen
384 887 495 956 nuper
518 860 741 944 audivimus,
769 861 898 961 siquis
926 861 992 937 sci·
1102 864 1190 963 gio,
1218 861 1482 960 persolvendum
1510 884 1585 938 crat
1612 863 1736 939 fisco.
1772 868 1865 938 Fos-

229 957 397 1049 scitctur,
424 960 615 1061 respondeo
624 1012 636 1045 ‚
663 963 758 1038 nihil
784 963 880 1038 aliud
908 961 993 1038 luil-
1103 965 1186 1037 tane
1208 964 1334 1041 Franci
1355 991 1418 1064 pro
1435 961 1565 1061 Taffare
1582 965 1749 1039 dixerunt
1770 972 1865 1038 taa-

228 1059 294 1152 se,
337 1060 403 1135 nifi
441 1063 599 1137 eamdent
640 1064 876 1138 Tributorunr
919 1068 992 1164 r'pe-
1096 1064 1187 1155 sare.
1217 1069 1329 1141 Durat
1351 1066 1464 1141 adhuc
1487 1071 1575 1166 apud
1604 1072 1758 1141 Venetos
1781 1092 1865 1140 ver-

229 1162 343 1247 cienr,
371 1189 460 1259 quae
495 1164 608 1239 adhuc
644 1165 774 1240 alicubi
812 1168 991 1266 appellan—
1104 1165 1185 1239 bum
1214 1168 1379 1261 Taulara,
1407 1175 1533 1241 Tacere
1559 1165 1776 1268 fignificans.
1814 1170 1865 1242 Ec

228 1279 288 1336 tur
313 1262 430 1358 Talia,
467 1261 506 1340 &
534 1294 554 1343 a
581 1266 817 1365 Scriptoribus
844 1267 991 1341 inferio·
1101 1266 1270 1362 quoniam
1298 1269 1495 1344 earumdem
1524 1269 1696 1359 Tenfanrm
1724 1268 1865 1342 mentio

228 1362 278 1439 ris
305 1365 383 1439 aevi
420 1373 530 1440 Tarae
564 1366 673 1442 etiarn
710 1368 899 1442 dicuntur.
937 1373 991 1443 De
1032 1359 1061 1430 Β
1099 1369 1256 1442 occurrit
1282 1372 1391 1444 etiam
1418 1371 1456 1446 in
1484 1370 1680 1472 Pririlegio
1707 1367 1867 1444 frideri-

226 1465 400 1564 ejusmodi
429 1467 576 1542 tributis
603 1467 740 1543 mentio
766 1469 812 1543 est
844 1468 881 1542 in
919 1469 990 1544 Hi·
1100 1467 1133 1540 ci
1162 1470 1190 1543 Ι.
1219 1472 1390 1569 Augusti,
1417 1471 1507 1546 illud
1535 1470 1614 1545 heic
1641 1471 1783 1568 publica
1806 1471 1866 1544 lu·

225 1564 330 1641 storia
358 1573 494 1643 Veneta
531 1568 676 1659 Sanuti,
712 1569 795 1645 dum
832 1597 989 1645 comme·
1099 1593 1138 1640 ce
1167 1571 1367 1643 donandum
1396 1574 1504 1653 uolo,
1533 1570 1626 1668 quod
1656 1599 1699 1645 ex
1727 1569 1869 1645 Archi·

225 1687 342 1742 morat
376 1671 406 1739 le
441 1671 545 1757 Tanle
578 1668 629 1742 de'
656 1672 785 1756 Notai,
820 1672 850 1740 le
885 1670 989 1762 Tanle
1098 1692 1145 1742 vo
1162 1668 1366 1743 Monallerii
1388 1670 1533 1744 Sanliae
1549 1671 1687 1746 Mariae
1701 1670 1743 1745 de
1761 1677 1869 1745 Van-

224 1766 275 1840 de’
290 1770 407 1840 Giudei
431 1770 505 1849 &c
524 1770 561 1845 Si
589 1770 674 1846 lides
700 1769 894 1858 Hickesro,
914 1796 987 1844 vox
1099 1769 1236 1870 gaditia
1264 1768 1453 1871 depromit.

200 1867 308 1975 ,haec
350 1871 696 1947 franco-Theotisca
734 1871 805 1947 est.
846 1855 1013 1946 Verhml
1065 1847 1072 1918 l

227 2098 417 2189 Friclerici
448 2109 478 2188 1.
512 2110 571 2190 Im
601 2102 762 2192 eretoris
793 2102 1000 2221 Diplorna,
1028 2131 1109 2218 quo
1139 2107 1348 2192 confirmet
1376 2100 1513 2191 omnia
1544 2103 1627 2215 jura
1657 2130 1703 2187 cc
1733 2090 1867 2191 Privi-

160 2232 166 2241 “
297 2218 400 2334 legia
439 2135 682 2313 Monolerio
703 2223 884 2311 *Santrae
928 2219 1170 2311 Marice'de
1209 2220 1447 2335 Vangaditis
1467 2257 1486 2328 ,¹
1529 2219 1790 2334 prurientibus

354 2341 655 2431 Moschionibus
687 2344 905 2431 Ellensrbrn
935 2339 1171 2429 Albano&
1202 2338 1585 2447 Obizaone,Anno
1619 2366 1742 2453 ¹¹77·
1844 2352 1847 2357 “
1938 2358 1944 2367 ·

224 2584 312 2767 ΙΝ
331 2583 455 2656 nomine
473 2585 614 2658 Sanblae
637 2587 682 2657 θ’
705 2586 897 2660 individuae
916 2586 994 2657 Tri·
1024 2574 1059 2656 C
1094 2603 1156 2654 tem
1176 2584 1375 2682 Vaagaditia
1394 2601 1545 2672 vetatur,
1559 2580 1621 2673 sub
1639 2579 1736 2666 naslei
1752 2582 1863 2655 Mun·

299 2686 442 2759 nitatis.
483 2687 667 2758 Fridericus
704 2688 824 2758 divina
860 2689 994 2778 favente
1095 2687 1227 2757 diburdi
1250 2684 1438 2780 protellione
1455 2710 1523 2754 cum
1547 2683 1690 2754 omnibus
1704 2681 1774 2772 suit
1789 2680 1863 2778 μβ

225 2785 391 2855 clementia
426 2793 640 2857 Romanorum
672 2791 844 2877 Imperator
871 2795 993 2883 ,Augu-
1089 2785 1270 2877 seffionibus
1293 2782 1341 2862 dt*
1368 2787 1456 2855 rebus
1481 2783 1651 2854 mobilibus
1674 2779 1721 2860 (θ’
1749 2782 1862 2853 immo·

217 2883 310 2972 stus.
348 2886 586 2981 imperatoriam
613 2885 818 2975 Maiestatem
842 2894 887 2964 ad
911 2914 993 2985 aug·
1096 2888 1214 2959 bilibus
1249 2887 1473 2982 reciperemus,
1508 2885 1666 2979 eidemque
1703 2881 1863 2965 Ecclefiae

225 3005 365 3058 mentum
394 2984 582 3079 scabiarum
608 2988 819 3075 Ecclefiarum
845 2991 909 3063 Dei
932 3017 992 3060 ve-
1095 2986 1153 3076 ea,
1180 3012 1259 3083 quae
1283 2986 1434 3058 balianus
1458 2983 1608 3082 poffedrt,
1634 2980 1682 3062 (φ
1709 2982 1743 3054 iu
1763 2982 1863 3073 fictu-

225 3092 339 3167 racitrr
366 3087 520 3160 credimus
549 3091 773 3178 constitutam:
809 3092 920 3164 idcirco
949 3092 994 3161 δ’
1096 3114 1128 3158 ro
1151 3094 1217 3160 Deo
1237 3089 1372 3178 favente
1398 3086 1498 3183 iustae
1524 3082 1737 3180 acquisttirnis
1760 3083 1864 3156 situle

226 3187 376 3274 Eccleliis
402 3190 488 3272 Dei,
515 3218 551 3263 ac
577 3192 612 3263 iu
639 3192 715 3290 ipfis
737 3186 806 3266 Deo
825 3193 992 3284 famulan—
1092 3187 1279 3285 pefficlebit‚
1309 3190 1426 3273 nollrae
1451 3186 1630 3282 imperialis
1652 3179 1862 3255 connitaris

225 3289 316 3363 tibus
334 3291 506 3382 subvenire
525 3293 648 3386 summo
668 3295 743 3387 jure
762 3291 929 3383 debemus,
948 3295 993 3364 Θ
1096 3297 1262 3386 Praecepto
1287 3287 1560 3381 confirmaremus.
1594 3292 1735 3379 Quorum
1770 3284 1864 3374 peti-

144 3475 147 3480 Α
225 3391 361 3485 benigno
374 3394 495 3488 semper
511 3394 664 3485 propofito
684 3396 897 3468 intendimus.
916 3403 991 3463 Om·
1096 3390 1238 3463 tionibus
1274 3417 1329 3462 nos
1360 3391 1493 3485 placida
1520 3389 1687 3478 securitate
1713 3410 1864 3458 annuen-

227 3488 323 3559 nibus
347 3492 448 3585 igitur
473 3491 673 3575 Cbrillianae
699 3494 902 3587 Religionis,
925 3497 991 3562 Im·
1024 3485 1058 3553 D
1097 3513 1169 3571 tes,
1198 3492 1378 3584 statumque
1408 3489 1494 3580 sacri
1527 3486 1663 3578 ejusdem
1689 3486 1748 3558 loci
1774 3486 1861 3557 imo-

224 3587 365 3683 pcriique
392 3589 539 3680 ,Romani
565 3587 741 3678 fidelibus,
774 3589 992 3685 praesentibus

223 3687 346 3780 [silicet
380 3716 415 3760 ac
445 3686 567 3777 fusuris
580 3742 605 3779 ,.
631 3690 819 3786 opertiffime
852 3710 989 3787 pateat,

228 3787 366 3886 qualiter
397 3787 532 3861 dilel‘lus
566 3789 665 3878 noller
692 3788 764 3865 Istc
797 3791 991 3864 venerabilis

229 3888 352 3964 Abbns
378 3887 586 3968 Monasterii
612 3891 758 3967 Sanbiae
783 3892 922 3967 Mariae
947 3893 990 3967 cle

232 3988 448 4087 Vangaditio
463 4040 476 4073 ‚
510 4013 567 4087 pet
596 3994 817 4089 fideliffimum
855 3994 991 4083 nclitum

230 4091 434 4191 Gatofredum
458 4094 715 4185 cancellarium,
740 4094 787 4176 ἐν
810 4118 867 4194 per
892 4102 991 4169 Mar-

227 4220 296 4266 cum
321 4198 548 4266 Maurosenum
582 4197 789 4268 honorabilem
824 4197 871 4277 (φ
897 4199 986 4294 inge-

229 4321 327 4368 nuum
368 4295 516 4368 Venetiae
554 4295 694 4386 Civem,
735 4296 867 4383 nostram
903 4299 989 4369 adiit

1099 3591 1203 3660 lumen
1223 3592 1353 3680 servare
1376 3592 1551 3683 cupienter,
1574 3587 1753 3683 praefatam
1770 3592 1861 3663 sm-

1099 3690 1166 3761 ttae
1188 3691 1319 3761 Mariae
1337 3691 1506 3775 Ecclestam
1530 3716 1599 3760 cum
1625 3688 1766 3760 omnibus
1786 3687 1860 3779 suis

1096 3791 1300 3882 pertinentiis
1334 3792 1368 3862 in
1395 3791 1489 3879 nostri
1513 3788 1767 3876 Mundiburdii,
1801 3812 1861 3859 rtu-

1093 3891 1236 3986 llrarque
1271 3892 1449 3987 imperialis
1485 3892 1644 3992 potentiae
1682 3888 1862 3981 alelenstme

1095 4011 1262 4088 gratanter
1290 3992 1502 4089 suscipimur,
1538 3992 1697 4088 omnesque
1731 4016 1778 4060 rer
1809 3986 1859 4068 ῥ’

1095 4089 1283 4191 peffeffiones
1316 4093 1386 4188 ejus
1420 4096 1547 4168 mobiles
1579 4091 1626 4174 cb*
1655 4090 1860 4186 immobiles,

1092 4195 1216 4292 seseque
1242 4216 1425 4278 monentes,
1452 4221 1531 4292 quas
1554 4197 1672 4268 Abbas
1696 4190 1744 4273 &¹
1770 4196 1859 4266 Fra·

1098 4318 1160 4368 tres
1186 4296 1284 4387 ipstur
1305 4297 1495 4386 Monallerii
1513 4298 1569 4367 vel
1590 4317 1647 4391 per
1666 4295 1779 4386 favel
1802 4315 1863 4390 per

229 4397 444 4481 clementiam,
467 4419 576 4494 petens
596 4419 654 4489 per
675 4397 756 4495 ipsos
779 4394 826 4475 (φ
847 4423 914 4467 cum
938 4397 987 4493 ip-
1026 4394 1056 4464 E
1098 4397 1180 4468 alins
1199 4397 1374 4489 poffident,
1393 4399 1450 4468 vel
1466 4403 1506 4469 ale
1522 4419 1616 4468 cetero
1635 4395 1862 4490 acquisterins,

115 4531 117 4535 ·
225 4495 294 4584 fis,
322 4521 358 4570 ut
384 4527 439 4572 ner
462 4522 519 4595 pro
546 4501 610 4572 Dei
634 4524 762 4591 amore,
789 4517 989 4593 aeternaeque

228 4597 438 4670 beatitudinis
495 4602 739 4675 remuneratione
788 4596 988 4697 praedillum

229 4697 458 4781 Monallcrium
467 4701 560 4790 suurn
571 4757 582 4790 ,
590 4703 710 4793 scilicet
721 4698 891 4786 Ecclestam
901 4705 988 4772 San·

229 4792 300 4868 blac
337 4797 401 4867 Dei
430 4801 595 4895 genitricis
620 4803 752 4874 Mariae
785 4797 988 4887 construtam

222 4897 320 4993 super
340 4898 477 4984 Athesis
493 4894 646 4995 fluminis
671 4902 775 4997 ripam
798 4909 844 4974 ad
868 4902 987 4982 locum,

228 5001 285 5097 qui
309 5007 467 5100 quondam
491 5008 589 5083 Petra
613 5001 793 5089 dicebatur,
821 5031 903 5078 nunc
926 5029 987 5076 au·

1098 4497 1198 4569 eidem
1223 4498 1378 4580 Ecclesiae
1410 4517 1559 4593 perpetua
1581 4494 1769 4582 ‘stabilitae
1801 4517 1864 4588 per

1098 4597 1217 4683 nostrae
1254 4596 1457 4672 aulloritatis
1496 4599 1586 4667 robur
1620 4596 1665 4663 (9⁶
1698 4592 1863 4671 munimen

1098 4696 1335 4789 confirmamus,
1361 4697 1515 4792 equibus
1532 4697 1685 4792 quaedam
1706 4694 1777 4785 suis
1794 4699 1864 4769 du·

1098 4799 1200 4869 erimus
1238 4798 1441 4890 exprimenda
1478 4797 1665 4870 vocabulis.
1706 4798 1862 4872 Videlicet

1096 4895 1313 4996 paffeffloncs,
1353 4921 1431 4993 quas
1469 4900 1586 4971 babmt
1621 4898 1656 4972 in
1693 4897 1863 4998 praedibio

1097 5004 1186 5086 loco,
1226 5001 1283 5099 qui
1319 4999 1520 5099 Vangaditia
1552 5000 1701 5090 dicitur,
1723 4997 1785 5173 ti
1821 4999 1861 5071 ire

1682 5105 1727 5175 A
1763 5124 1804 5169 a·
