4216 6014
282 320 342 432 :33
352 347 373 432 3
551 344 556 351 ·
603 310 975 404 orssavmro
1008 307 1496 401 massmannus.

1707 344 1818 446 ,334

225 426 319 507 sores
356 457 419 531 pro
458 432 574 509 tutela
611 431 691 508 suae
732 431 919 524 ditionis,
953 431 990 505 δι
1034 439 1071 513 A
1111 425 1227 502 centis
1266 430 1367 504 annis
1406 428 1562 506 nimium
1613 426 1875 506 imminutam.

226 533 386 632 pluribus
406 532 516 608 etiam
543 535 776 634 imperarent.
804 539 855 609 Ea
881 534 993 610 ratio·

226 657 272 709 ue
299 638 355 709 vel
383 637 422 709 in
448 633 529 736 ipfis
556 635 757 718 montibus,
798 635 928 710 ueduns
953 635 993 711 in

226 734 380 836 planitie
417 738 656 837 multiplicata
691 735 771 810 sunt
808 764 876 812 una
912 763 992 812 curn

226 835 391 912 Castellis
417 866 456 912 ac
485 838 595 913 Villis
631 837 818 912 hominum
854 839 994 936 capita.

228 935 331 1012 Haec
376 959 457 1014 ante
503 943 667 1014 Seculum
705 943 768 1013 xl.
807 941 843 1014 &
880 939 994 1040 possea

139 1060 141 1065 ·
230 1037 313 1111 sunt
338 1039 510 1114 aslitata.
551 1046 685 1117 Verum
711 1041 773 1117 ubi
809 1039 993 1117 Civitates

229 1139 357 1214 Italiae
397 1143 435 1214 in
476 1143 679 1217 libertatem
730 1141 764 1218 se
804 1141 837 1216 se
878 1144 994 1219 veluti

229 1242 397 1316 concordi
424 1242 562 1325 imoetu
596 1244 739 1320 asserere
774 1264 995 1343 coeperunt,

1110 525 1294 606 Civitates
1332 530 1419 604 bene
1453 556 1578 630 paucas
1625 531 1751 623 demo,
1786 557 1877 630 quae

1111 655 1204 704 nunc
1224 650 1286 705 aut
1305 631 1421 730 plures
1447 636 1554 729 qulm
1580 634 1672 709 olim
1692 634 1788 710 cives
1807 660 1874 709 nu·

1112 750 1276 823 merent,
1316 750 1379 806 aut
1404 751 1498 807 certe
1525 733 1619 808 nihil
1645 734 1709 811 fibi
1734 735 1778 809 de
1804 739 1875 810 Po·

1112 834 1196 931 pulo
1215 830 1391 908 sublatum
1409 851 1556 934 putent:
1580 834 1738 933 reliquae
1757 836 1873 936 prose·
1922 866 1927 875 ·

1109 931 1170 1010 uo
1196 935 1448 1028 decreverunt,
1474 931 1513 1011 ἃ
1540 960 1584 1011 ex
1610 933 1656 1009 iis
1676 941 1874 1038 complures

1111 1061 1157 1109 ne
1181 1035 1373 1140 dimidium
1401 1035 1567 1135 quirem.
1611 1032 1726 1111 immo
1761 1065 1873 1138 neque

1111 1137 1277 1212 trientem
1306 1158 1367 1213 aut
1394 1139 1622 1238 quadrantem
1643 1137 1760 1239 gentis
1783 1141 1875 1216 olim

1111 1237 1163 1311 ibi
1187 1239 1383 1316 habitantis
1403 1239 1727 1340 compleesluutur.
1753 1242 1876 1335 Quam

142 1394 150 1411 ι
228 1357 314 1416 tunc
339 1345 374 1416 &
415 1343 509 1443 ipsae
545 1371 651 1443 quam
687 1344 848 1424 maximo
882 1343 995 1419 studio
1042 1351 1072 1422 Β
1110 1338 1158 1410 ob
1184 1338 1333 1414 caussam
1359 1339 1525 1440 quaeris?
1566 1341 1674 1437 Quod
1713 1341 1756 1415 ad
1783 1343 1874 1416 alios
1956 1412 1959 1417 .

229 1446 388 1518 animum
428 1445 657 1521 intenderunt
692 1472 764 1518 non
802 1444 914 1518 sollrm
951 1444 995 1520 ad

229 1544 450 1639 recipiendos
478 1547 607 1623 veteris
633 1546 776 1646 imperii
798 1544 908 1636 fines,
926 1546 996 1621 im·

229 1670 291 1720 mo
315 1649 351 1720 δι
377 1649 605 1732 dilatandos,
632 1647 688 1724 secl
714 1647 824 1723 etiam
851 1648 893 1722 ad
919 1675 996 1723 am·

231 1746 438 1844 plilicandas
472 1749 625 1826 Civium
663 1748 842 1826 familias.
876 1751 995 1844 Quam

231 1845 270 1921 in
299 1873 372 1920 rem
400 1853 551 1925 Nobiles
578 1852 696 1941 viros,
732 1869 834 1924 antea
860 1849 899 1923 in
925 1853 996 1926 Ca·

231 1946 341 2020 slellis
384 1948 452 2024 suis
492 1949 563 2026 fere
604 1951 737 2050 semper
774 1951 996 2033 habitantes,

232 2049 378 2148 adegere
404 2050 446 2123 ad
466 2049 690 2127 incolendam
712 2048 912 2127 Civitatem
961 2078 999 2127 er

227 2149 372 2248 aliquot
397 2149 519 2226 saltem
548 2156 633 2228 anni
658 2151 822 2252 cujusque
842 2079 996 2244 menses,

1112 1441 1267 1539 Populos
1278 1442 1475 1542 migrarunt
1486 1440 1748 1518 sloreutiffimae
1760 1469 1876 1540 quon·

1111 1540 1193 1616 dam
1219 1542 1311 1639 apud
1337 1567 1401 1616 nos
1437 1542 1587 1618 lanificii
1624 1569 1665 1619 ac
1691 1543 1793 1618 serici
1820 1571 1875 1620 ar·

1111 1662 1195 1744 tcs;
1231 1641 1326 1741 qubd
1361 1644 1614 1718 commercium
1651 1645 1875 1722 maritimum

1110 1744 1202 1818 aliae
1227 1738 1480 1843 gentes‘nobis
1515 1743 1650 1843 jamdiu
1687 1745 1873 1920 erippere3

1110 1845 1204 1941 quod
1221 1872 1245 1919 a
1256 1846 1450 1929 teterrimis
1467 1844 1678 1944 pestilentiis
1691 1871 1736 1919 ex
1784 1846 1875 1922 ullae

1110 1945 1368 2023 habitatoribus
1397 1950 1532 2031 Urbes,
1555 1972 1736 2044 nunquam
1769 1947 1876 2022 exin-

1109 2047 1152 2121 de
1178 2074 1321 2149 gravem
1356 2075 1513 2148 reparare
1547 2046 1720 2151 jasiurarn
1747 2068 1873 2148 potue·

1110 2172 1175 2248 re3
1203 2150 1297 2247 quod
1324 2150 1475 2248 denique
1501 2150 1656 2251 regionis
1677 2150 1780 2250 hujus
1800 2176 1872 2226 non

127 2346 149 2360 κ
227 2249 430 2352 multosque
467 2280 512 2328 ex
539 2254 607 2337 iis,
644 2256 896 2329 communione
931 2254 996 2329 ho—
1037 2254 1071 2329 C
1109 2250 1250 2324 modica
1279 2276 1356 2348 pars
1382 2251 1537 2326 dominis
1563 2251 1673 2327 servit
1692 2273 1792 2327 extra
1812 2252 1873 2327 sua

229 2350 356 2427 norum
383 2380 423 2428 ac
450 2381 635 2432 munerum
662 2355 774 2438 faut,
811 2375 995 2456 perpetuos

228 2451 358 2527 deinde
397 2453 614 2532 habitatores
654 2456 828 2533 habuere.
871 2461 996 2554 Neque
1052 2549 1054 2554 ,

232 2551 371 2654 segnius
387 2612 391 2619 .
405 2553 560 2631 institere
605 2557 813 2659 Principes,
853 2560 915 2657 qui
942 2587 996 2633 re-

230 2655 359 2753 gendas
418 2656 532 2756 poliea
593 2679 802 2758 acceperunt
859 2658 994 2734 easdem

231 2754 377 2847 Urbes,
416 2776 457 2833 ut
496 2761 611 2858 major
648 2758 688 2836 in
736 2759 811 2835 dies
850 2760 1006 2837 accessio

232 2855 331 2934 heret
374 2858 525 2937 Civium
570 2887 739 2941 numero..
786 2864 931 2959 Itaque,
971 2862 995 2937 ss

232 2984 358 3059 paucas
398 2960 581 3058 excipias,
625 2963 771 3038 italicae
814 2959 997 3038 Civitates

231 3058 449 3178 temporibus
475 3061 522 3137 iis
544 3061 719 3138 ambitum
740 3061 878 3138 suorum
899 3090 997 3139 moe-

230 3165 545 3342 fritillis,
558 3162 827 3354 ‘lituis
841 3169 996 3346 iiiiii

233 3365 418 3450 Veronae,
444 3364 670 3445 Cremonae,
692 3364 895 3446 Bononiae,
915 3370 997 3438 Fer·

230 3459 365 3541 retiae,
406 3477 514 3557 atque
548 3462 587 3536 in
622 3463 704 3540 aliis
741 3464 897 3540 Urbibus
932 3468 994 3543 vix

229 3562 325 3637 ullus
351 3559 398 3635 est
423 3561 603 3639 Historiae
629 3565 763 3663 patriae
782 3567 839 3641 vsl
865 3566 996 3660 leviter

228 3659 390 3780 peritus,
426 3662 588 3761 quinon
624 3665 787 3756 indicet,
822 3685 995 3766 quantum

227 3764 441 3845 incrementi
468 3762 602 3839 sosium
636 3765 744 3842 suerit
770 3768 997 3847 Saeculisiis

230 3859 390 3949 Civitati
426 3862 528 3946 suae,
555 3866 607 3940 ita
643 3885 684 3942 ut
719 3895 809 3968 quae
844 3872 998 3968 Templa

229 3965 320 4038 olim
361 3964 506 4039 condita
545 3964 684 4043 suerant
722 3969 760 4043 in
801 3968 1020 4047 suburbano

228 4090 343 4165 agro,
369 4091 461 4140 nunc
488 4066 583 4141 intra
608 4067 699 4169 ipsas
724 4068 844 4145 Urbes
862 4071 997 4147 inclusa

230 4163 462 4265 speaentur.
501 4171 607 4241 Tunc
648 4188 744 4245 certe
784 4171 916 4246 mirum
956 4172 994 4246 in

226 4269 398 4355 modum,
424 4269 519 4367 quod
547 4266 662 4344 eliud
692 4274 906 4365 Populorum
933 4298 994 4349 eo·

163 4430 165 4437 ,
232 4366 326 4464 piam
354 4367 476 4445 sioruit
504 4370 632 4445 ltalia.
661 4371 814 4468 Quodsi
839 4373 999 4475 praesen·

233 4467 303 4540 te'm
331 4468 430 4544 illius
458 4470 638 4547 fortunam
667 4500 749 4549 cum
783 4474 916 4551 Seculis
951 4474 999 4551 iis

233 4567 470 4665 conserimus,
497 4573 624 4674 utique
649 4574 730 4650 orio
753 4573 793 4651 ἃ
821 4602 903 4673 pace
928 4575 998 4651 dis·

236 4664 402 4745 fluentem
430 4671 573 4750 ltaliam
600 4673 774 4775 aspicias,
814 4675 871 4752 sed
897 4676 996 4752 simul

231 4767 384 4868 antiquo
418 4773 659 4852 habitatorum
701 4805 896 4855 numeros
934 4781 998 4854 du·

1109 2351 1252 2469 claqslra
1291 2353 1548 2452 regnantibus.
1597 2352 1702 2427 Alias
1741 2353 1871 2429 caussas

1109 2472 1264 2528 omitto.

1159 2556 1222 2627 Sed
1251 2553 1342 2630 mihi
1379 2554 1522 2630 ltaliam
1558 2555 1745 2632 exhibenti
1788 2574 1870 2633 ante
1989 2626 1992 2631 ,
2087 2581 2089 2584 ·

1107 2657 1269 2729 Seculum
1316 2659 1379 2731 xl.
1415 2661 1522 2757 longe
1567 2658 1742 2733 minorem
1770 2657 1872 2734 inco·

1107 2757 1220 2830 larum
1269 2783 1416 2832 numero
1481 2761 1673 2859 praeditam
1706 2811 1720 2844 ,
1763 2762 1871 2861 quim

1109 2856 1247 2955 polica,
1288 2860 1443 2957 objicere
1478 2860 1654 2959 quispiam
1682 2858 1808 2961 poffit,
1835 2865 1873 2938 l·

1109 2957 1233 3030 taliam
1269 2961 1328 3032 vel
1368 2957 1448 3058 ipsis
1486 2962 1675 3037 barbaricis
1701 2963 1873 3061 tempori·

1110 3057 1173 3130 hus
1217 3057 1373 3157 pluribus
1413 3062 1520 3157 quint
1556 3087 1649 3136 nunc
1689 3060 1873 3139 abundasse
2007 3115 2009 3119 -

1037 3156 1074 3225 D
1110 3157 1353 3234 Civitatibus.
1381 3162 1476 3235 Nam
1502 3161 1585 3236 telle
1609 3169 1782 3261 Aornum
1798 3173 1874 3238 Ra·

1111 3279 1272 3342 manate,
1330 3258 1439 3334 medii
1490 3261 1587 3339 Atti
1634 3264 1874 3363 Geoglapho,

1112 3358 1196 3435 Lib.
1227 3386 1264 3455 4.
1295 3387 1370 3461 cap.
1406 3383 1464 3458 30.
1501 3361 1756 3438 nobiliffimam
1783 3365 1874 3442 hanc

1112 3460 1292 3560 regionem
1332 3463 1464 3559 quidam
1507 3465 1689 3561 philosphi
1735 3468 1876 3564 ampliss

1111 3565 1207 3657 pedm
1225 3563 1445 3659 septingentas
1470 3567 1631 3639 civitam
1656 3562 1796 3661 babuisse
1819 3567 1876 3641 di·

1084 3662 1248 3738 laeranr.
1290 3665 1388 3738 ldem
1430 3677 1513 3741 vero
1539 3672 1753 3762 Anonymus
1780 3671 1875 3746 mul·

1110 3780 1163 3837 tas
1202 3783 1408 3849 enumerat,
1455 3794 1602 3864 quarum
1646 3795 1718 3844 non
1759 3768 1873 3847 solum

1109 3866 1208 3940 nulla
1236 3892 1329 3941 nunc
1366 3865 1508 3966 vestigia
1542 3868 1695 3952 rellant,
1733 3868 1791 3946 sed
1830 3898 1876 3950 ne

1114 3965 1252 4042 mentio
1278 3967 1420 4064 quidem
1448 3968 1539 4068 apud
1555 3990 1733 4071 ,antiquos
1751 3999 1877 4050 occur·

1041 4056 1073 4129 Ε
1111 4064 1187 4156 rit,
1214 4067 1354 4144 sortasse
1378 4068 1473 4167 quod
1499 4097 1519 4145 a
1546 4070 1721 4150 Librariis
1740 4074 1778 4148 in
1800 4076 1875 4176 ejus

1112 4184 1215 4243 textu
1242 4171 1387 4245 nomina
1416 4172 1436 4211 *
1466 4175 1627 4250 tenebras
1651 4201 1744 4248 nunc
1771 4174 1877 4250 nobis
1956 4200 1959 4207 ·

1110 4268 1321 4353 offundant..
1343 4272 1571 4349 Doslissrmus
1600 4273 1657 4346 vir
1679 4279 1721 4346 D.
1742 4272 1877 4367 Gaspar

1110 4370 1274 4447 berettus
1314 4373 1627 4456 Mediolanenhs,
1674 4372 1876 4451 Monachus

1111 4471 1387 4562 Benedisiinus,
1431 4474 1470 4546 in
1519 4474 1783 4573 Prolegomenis
1831 4477 1876 4555 ad

1111 4574 1289 4648 Tabulam
1316 4572 1641 4674 chorographicam
1670 4574 1780 4653 medii
1800 4582 1877 4656 Ae·

1110 4673 1171 4765 vi,
1196 4675 1303 4765 editis
1329 4677 1451 4749 Torua
1478 4680 1521 4750 X.
1545 4679 1625 4752 ller.
1647 4678 1801 4755 italicar.
1818 4681 1877 4759 di·

1093 4774 1337 4877 ›ligentisliose
1376 4775 1529 4877 inquirit
1573 4778 1612 4855 in
1639 4800 1791 4858 aetatem
1821 4788 1876 4859 A·

1758 4910 1824 4959 no·

230 4981 472 5112 ‘Desideratus
491 5015 563 5111 heic
592 5016 708 5110 aliquid
735 5021 773 5088 acl
793 5018 980 5117 ‚sententiae
1000 5021 1233 5110 insanitatem:
1254 5018 1357 5094 sorsau
1376 5043 1440 5094 voa
1459 5038 1614 5108 musta,
1640 5021 1693 5093 seu
1719 5021 1784 5092 alia
1813 5015 1874 5090 ali·

311 5116 374 5185 qua
392 5096 630 5185 fignificarronts
649 5098 819 5172 consmilss
840 5103 1029 5191 supplenda.
1983 5149 1985 5152 >
