4222 6006
273 343 360 432 47¹
551 318 985 444 Aurrsttttr.
1037 317 1516 413 MEDIIAEVI

1710 340 1800 440 472
1865 430 1868 436 .

261 439 370 536 digna
396 439 440 532 ᾧ
467 441 512 534 sit
537 448 584 538 ,ξπ
611 447 655 536 s}
680 471 830 516 mnsam
866 441 982 534 [rpra-
1019 445 1053 519 Α
1095 444 1206 516 Anno
1244 443 1354 516 mlx.
1381 459 1422 517 ut
1456 440 1496 517 in
1523 441 1732 517 membranis
1766 439 1864 544 legi-

370 536 457 615 attia·
489 545 677 620 Adelberti
717 540 898 624 Comitis,
939 549 984 617 Ο·
1095 562 1178 618 tur.
1207 547 1388 618 Praeterea
1415 545 1615 621 offeruntur
1639 545 1722 619 baec
1747 545 1865 621 etiam

369 642 521 722 Bertille
542 645 668 740 jugalis
693 643 906 735 Comitille,
933 646 982 725 &¹

1096 649 1174 720 Deo
1196 669 1255 743 pro
1280 651 1408 718 Damna
1433 651 1653 740 Gaaldrada,
1694 674 1771 745 quae
1791 646 1866 738 suia

366 743 569 833 Bonifatii,
606 740 653 822 &¹
693 743 866 818 Walfredi
902 773 981 848 ger·
1089 748 1226 842 gloriosa
1244 744 1429 840 camisilia,
1456 746 1501 825 dr
1528 773 1586 843 pro
1614 757 1739 824 Damna
1758 749 1863 820 Theo·

366 844 488 934 mani,
514 844 571 942 qtri
595 844 646 918 bic
671 848 808 920 Cartala
833 850 980 921 donatio-

367 947 421 1018 nis
446 947 680 1040 consenserant,
716 951 761 1021 θ
787 975 899 1022 mances
920 973 979 1047 po-

181 1084 208 1144 ‘.
331 1141 333 1146 Ι
359 1049 516 1143 suerunt,
536 1049 621 1134 ficret
639 1053 741 1144 supra
765 1052 903 1148 legitur,
930 1078 978 1121 ro-

360 1173 546 1250 gaverunt,
562 1153 606 1224 Φ·
620 1155 726 1226 omnia
736 1154 781 1223 eis
794 1152 907 1223 relella
916 1153 979 1239 cll.

261 1253 368 1352 seg..
392 1257 436 1343 π
465 1257 506 1340 π
534 1259 577 1344 π
607 1258 649 1346 a
678 1259 886 1346 πωωω
906 1257 980 1325 ιω·-

1093 848 1189 918 beldo
1201 897 1214 930 ,
1241 849 1297 945 qcri
1316 847 1388 939 fuit
1413 854 1491 921 Dure
1517 855 1560 922 Θ
1587 855 1755 934 Manlio,
1796 856 1863 924 Ge-

1092 947 1267 1026 nitore&
1291 949 1452 1022 Genitrr'ce
1486 959 1586 1026 meis.
1629 958 1728 1028 Haec
1771 951 1864 1029 refe·

1094 1047 1197 1121 reoda
1224 1047 1458 1125 videaturad
1487 1051 1599 1153 iplum
1626 1057 1862 1131 Adelbertunt

1094 1147 1278 1224 Comitem
1306 1151 1534 1227 donatorem.
1570 1159 1677 1248 Quod
1706 1159 1765 1229 ubi
1794 1157 1863 1233 tte-'

1095 1270 1194 1333 tuas,
1227 1252 1333 1327 habes
1371 1256 1556 1330 Adelberti
1584 1256 1688 1354 ipsura
1722 1278 1861 1356 patrem

364 1355 405 1426 do
423 1350 501 1446 filio
525 1356 692 1437 Geremic,
730 1354 844 1430 Natio
871 1359 980 1427 Fran·
1025 1361 1053 1429 B
1097 1355 1312 1426 theobalaan
1338 1360 1573 1430 camerinorum
1610 1359 1652 1429 ὅ*
1679 1361 1862 1450 Spoletinu-

254 1547 256 1551 γ
366 1481 512 1540 torum,
547 1454 596 1536 &⁶
620 1458 775 1550 Jobanne
812 1459 852 1528 de
888 1457 980 1528 Pele·

362 1585 428 1654 gno
452 1559 661 1650 deElena,
702 1559 745 1630 0·
784 1558 954 1632 Antonino
968 1608 980 1643 ,

366 1660 411 1729 O*
430 1665 525 1731 Petro
544 1661 714 1743 Medicus,
741 1659 788 1742 ἐπ’
808 1667 871 1734 Leo
896 1714 906 1734 .
932 1714 942 1734 .
968 1715 978 1736 .

369 1765 493 1833 Strada
539 1763 580 1834 de
626 1763 821 1862 Panigale,
861 1765 982 1862 rogatis

367 1864 522 1948 vellibat.

265 1967 342 2058 Ego
368 1965 576 2039 ildebrandus
602 1965 709 2055 testes.

263 2064 393 2165 Scripta
431 2072 515 2141 banc
553 2075 655 2142 caera
702 2066 886 2141 donationis
927 2089 983 2164 per

1096 1483 1165 1525 runs
1200 1458 1419 1529 marchionem
1464 1463 1507 1530 θ
1555 1467 1699 1539 Ducem,
1751 1487 1858 1556 quem

1096 1557 1337 1653 Liutprandus
1365 1559 1561 1634 Ticinersrs
1583 1559 1759 1636 Historiae
1780 1562 1861 1635 suae

1096 1661 1178 1735 Lib.
1206 1687 1242 1756 4.
1271 1663 1359 1751 Cap.
1392 1692 1426 1757 4.
1459 1663 1775 1743 commemoravit,
1813 1658 1854 1735 &

1095 1759 1257 1854 affinitate
1282 1765 1478 1853 conjunilum
1500 1770 1628 1860 Hugoni
1655 1766 1770 1835 ltaliae
1791 1770 1861 1832 Re-

1091 1864 1153 1957 gi,
1179 1864 1211 1933 ἃ
1243 1864 1324 1935 Lib.
1347 1886 1381 1953 ς.
1400 1860 1491 1957 Cap.
1512 1889 1546 1935 2.
1571 1871 1722 1957 Nepotem
1742 1861 1860 1933 dixit.

1097 1964 1183 2062 Ejus
1219 1989 1309 2034 uxot
1344 1966 1533 2035 Gualdrada
1568 1958 1733 2056 comitissa
1767 1959 1860 2034 luit:

1097 2091 1135 2136 ac
1166 2066 1312 2160 proinde
1338 2063 1573 2137 emendandus
1595 2065 1714 2138 Lilius
1734 2061 1770 2136 in
1794 2060 1865 2137 lli-

366 2195 480 2242 mances
497 2171 664 2264 Jobannis
691 2172 848 2251 Naresii,
888 2196 982 2266 roga·
1095 2165 1196 2238 lloria
1224 2169 1461 2255 Camertum,
1497 2167 1558 2265 qui
1589 2163 1863 2266 Ermengardam

367 2292 421 2343 tus
454 2302 476 2345 e
504 2271 727 2366 superabilis,
766 2271 844 2354 ficut
883 2275 982 2367 snpra
1020 2264 1055 2351 C
1096 2291 1239 2341 uxorem
1283 2268 1314 2339 ei
1344 2264 1494 2340 tribuit.
1539 2269 1705 2341 Proxime
1740 2285 1861 2340 autent

366 2375 509 2471 legitur,
538 2372 674 2474 Ittlpfi,
716 2373 894 2471 complevi,
934 2370 981 2452 (π’

368 2478 465 2548 dedi.

264 2581 368 2648 Anno
396 2575 580 2647 Dominicae
606 2575 838 2646 incarnationis
864 2576 980 2646 Mille·

352 2674 450 2761 „fimo
475 2676 684 2767 Nonagefimo
708 2678 848 2767 Septimo
864 2705 901 2746 ex
922 2702 980 2748 au·

370 2778 505 2847 thentico
530 2779 731 2873 Reginaldrcs
751 2779 919 2868 rebellio,
946 2779 980 2848 in

369 2900 523 2982 quantam
549 2879 751 2976 recognoscere
780 2879 908 2976 potuit,
948 2888 979 2951 e-

369 2981 571 3071 semplauit.

267 3084 428 3158 Ptrsleiter
447 3089 643 3166 Homereas,
664 3081 912 3170 transnatans,
933 3081 980 3163 (γ’

1096 2365 1275 2470 praerrfftt
1302 2372 1482 2440 Tbeebaldo
1508 2368 1545 2443 in
1573 2369 1747 2469 regimine
1776 2373 1865 2465 Spo-

1094 2471 1205 2544 letani
1236 2476 1391 2543 Ducatus
1422 2472 1606 2560 Bonisacr'srs
1644 2471 1792 2542 Marcbio
1819 2466 1859 2545 &

1095 2579 1203 2643 Comes
1216 2572 1443 2665 potentiffimus
1454 2621 1466 2654 ,
1484 2573 1537 2647 uti
1556 2572 1648 2645 idem
1666 2573 1864 2659 Llutptan·

1095 2675 1159 2746 dus
1193 2698 1272 2746 eum
1310 2675 1465 2769 appellat
1508 2675 1590 2747 Lib.
1625 2696 1659 2768 3.
1687 2671 1776 2769 Cap.
1805 2677 1864 2746 18.

1096 2795 1201 2871 atque
1227 2773 1285 2845 bie
1311 2776 1533 2845 Gaaldradam
1557 2774 1704 2846 duxerat
1724 2777 1865 2863 sororem

1096 2876 1262 2965 Radatpbe‘
1288 2876 1566 2969 Burgundionum
1580 2874 1702 2968 Regis,
1742 2873 1867 2947 divet-

1096 2978 1164 3049 lam
1198 3003 1221 3048 a
1256 2979 1447 3048 Gualdrada
1484 2974 1670 3048 Adelberti
1697 2973 1863 3050 Comitis

1096 3079 1264 3177 conjuge.
1295 3082 1492 3149 Decernant
1519 3075 1637 3149 autem
1666 3076 1756 3168 alii,
1781 3076 1866 3174 qui·

368 3187 468 3260 Wrdo
502 3191 563 3257 Por
589 3241 599 3261 .
626 3241 637 3259 .
664 3239 710 3260 ..
746 3183 794 3263 dy
831 3186 980 3278 Wrdizo·
1024 3188 1056 3256 t)
1095 3180 1158 3252 bus
1186 3182 1263 3279 plus
1289 3179 1358 3250 otii
1386 3176 1450 3267 fit,
1477 3205 1519 3250 an
1547 3178 1863 3271 Adelbertusiste,

368 3316 433 3374 ue,
461 3289 506 3359 0·
530 3341 685 3362 .....
715 3292 760 3359 ad
798 3291 903 3358 omnia
924 3290 976 3377 su·

366 3389 546 3482 prescripta
571 3388 757 3468 audienda,
777 3387 861 3469 ficut
883 3390 981 3482 [upra

368 3488 521 3580 relegitur
545 3488 581 3556 in
599 3487 731 3581 antique
756 3487 980 3577 lnllrccmente,

366 3584 601 3672 interfuerunt,
627 3585 676 3663 ἐφ
701 3586 796 3680 bajus
823 3587 868 3657 rei
887 3587 981 3680 causa

370 3685 476 3780 rogati
497 3684 576 3776 [ane
599 3686 708 3774 telles.

1097 3279 1166 3354 sure
1216 3281 1386 3351 Albertus
1435 3283 1567 3352 Comes
1612 3307 1633 3353 e
1675 3279 1862 3371 Bonifatio

1098 3383 1288 3482 spoletano
1317 3383 1416 3454 Duce
1441 3379 1653 3455 descendill'e
1679 3383 1835 3481 potuerit
1848 3431 1862 3466 ‚

1080 3493 1207 3582 ‘quum
1252 3483 1325 3581 ejus
1368 3501 1466 3580 pater
1501 3484 1738 3557 Throbaldus'
1767 3504 1863 3558 certe

1098 3585 1211 3658 eidem
1242 3585 1398 3657 Ducatui
1427 3585 1638 3683 praefuerit,
1664 3585 1697 3656 dt
1727 3609 1860 3656 recrea·

1097 3705 1173 3759 tum
1204 3683 1385 3758 videamus
1411 3685 1450 3759 in
1476 3688 1550 3785 ejus
1578 3684 1664 3760 liliis
1698 3683 1862 3774 Bonifacii

178 3815 181 3821 ·
267 3793 343 3890 Ege
366 3788 560 3863 Girardirrcs
587 3790 652 3864 Dei
671 3788 783 3887 gratia
805 3790 980 3882 Notarius,
1062 3764 1249 3884 lnmnen,
1299 3786 1413 3860 immo
1458 3787 1712 3885 primogenitus
1757 3785 1860 3862 illius

367 3891 421 3964 boc
438 3893 562 3986 presens
584 3893 849 3977 lnllrumentrcm,
872 3914 909 3966 rer
921 3893 980 3987 sec·

368 4015 430 4086 pra
455 3994 592 4087 legitur,
616 3996 699 4087 legi.

1098 3886 1303 3962 Bonifatius
1331 3889 1520 3963 Ribuarius
1547 3891 1744 3975 Marehimis
1770 3888 1866 3964 titu-

1097 3994 1173 4064 ltrrn
1209 3990 1368 4090 gellerit.
1409 3994 1503 4066 Vide
1536 3991 1647 4067 etiarn
1687 3989 1863 4066 Chartam

269 4097 453 4174 Habemus
478 4093 789 4167 heic-Adelbercanr
806 4098 981 4183 Cornicen,
1025 4093 1054 4162 Ε
1100 4097 1209 4167 Anno
1245 4096 1353 4165 Mtx.
1390 4091 1555 4171 scribtam
1593 4095 1684 4192 apud
1728 4094 1864 4191 Ugltel·

216 4200 363 4398 illl‘
388 4197 832 4401 qssl⁰l¹ssiile.³32lll
867 4203 983 4395 {52}ss

217 4406 415 4479 Ribaariam
441 4401 639 4477 defensuros
666 4398 700 4473 se
725 4397 791 4471 etse
817 4399 980 4474 donatio·

217 4526 299 4576 nem
327 4505 454 4580 fabiam
483 4507 717 4598 pollicentur.
745 4501 804 4574 At
832 4500 916 4575 haec
941 4529 984 4574 o-

216 4602 416 4679 blationem
456 4607 555 4681 illam
592 4606 729 4680 faciunt
756 4629 818 4702 pro
846 4603 982 4676 anima-

218 4704 283 4781 bus
318 4703 428 4779 etlam
470 4709 633 4798 Bonipiacii
669 4710 704 4780 δε
748 4706 908 4797 Walfrtdi
946 4707 982 4778 8<

217 4803 398 4884 Adelderti
438 4798 585 4899 liliorum
632 4807 801 4890 nellrorrcm
819 4860 832 4878 .
875 4809 983 4881 Certa

217 4909 298 4988 beic
327 4905 459 4981 indicia
487 4906 588 4989 sunt,
613 4906 670 5007 agi
697 4906 741 4979 de
766 4925 863 5004 patre
882 4909 983 4979 Bani-

213 5012 511 5107 laciiMarrbionis
536 5016 622 5108 Lege
644 5009 811 5083 Ribuare'a
836 5010 985 5085 uiuentis

1099 4197 1188 4269 lium
1216 4198 1324 4266 Torn.
1350 4218 1383 4291 3.
1409 4194 1538 4269 ltaliae
1562 4194 1675 4270 sacrae
1716 4194 1755 4268 in
1791 4199 1865 4270 Ar-

1098 4293 1239 4392 cbicpis.
1262 4297 1503 4381 Florentinis,
1522 4297 1581 4372 ubi
1603 4298 1787 4389 Bmifacins
1807 4299 1863 4370 in·

1097 4398 1198 4491 olym
1225 4397 1392 4488 Martio,
1420 4399 1518 4491 filias
1559 4401 1678 4474 mnne·
1700 4399 1866 4492 Albensi,

1097 4500 1153 4593 qai
1175 4496 1242 4586 fait
1267 4504 1396 4586 Comes,
1422 4501 1590 4596 profitetur
1608 4503 1644 4596 se
1668 4509 1784 4598 Legem
1805 4503 1864 4575 vi·

1098 4624 1176 4670 uere
1199 4599 1444 4675 Ribuaeieram.
1482 4605 1581 4678 ldem
1622 4605 1686 4678 ille
1711 4603 1865 4681 omnino

1099 4698 1263 4776 uidetur.
1291 4701 1351 4798 qui
1373 4703 1411 4776 in
1433 4711 1538 4780 modo
1558 4709 1726 4807 evulgati
1745 4704 1863 4782 Cbar-

1101 4804 1136 4874 td
1162 4801 1388 4878 enuntiatur.
1426 4814 1549 4907 Atque
1576 4811 1661 4883 baec
1689 4810 1864 4912 jungenda
1898 4902 1904 4911 ι

1101 4904 1169 4994 iis,
1195 4931 1285 5003 quae
1309 4927 1411 4980 antea
1437 4932 1701 4987 commentatus
1724 4915 1796 4987 sum
1819 4912 1863 4985 de

1102 5006 1261 5084 Ducibus
1299 5012 1499 5112 spoletanis
1538 5016 1578 5090 in
1613 5012 1865 5090 Dissertatione
