4222 6006
402 350 487 455 ⁶59

678 339 1117 457 anrroorr.
1166 339 1414 430 nrorr
1457 343 1651 432 anrr

1829 357 1918 436 aaa

338 480 419 555 pag.
439 482 526 557 490.
550 456 816 534 Miscellaneor.
836 460 999 537 Baluzii:
1026 467 1106 531 Pre·
1146 466 1181 537 A
1214 488 1259 531 na
1284 463 1323 533 id
1345 464 1476 534 viderur
1501 461 1558 558 esse
1582 461 1768 555 discrimen,
1793 469 1873 559 quad
1891 468 1977 534 Ma·
2021 499 2024 503 ’

329 584 448 629 -eamur
473 582 601 650 amens,
627 583 664 634 ut
688 564 839 661 optimum
855 571 1016 658 organum
1037 590 1105 633 tum

339 660 504 752 Amissae,
531 663 590 761 qui
612 666 665 737 bae
690 663 844 736 moderari
869 665 913 734 (V
932 664 1036 754 sacere
1060 670 1105 736 ad

339 787 460 834 ornnem
487 768 711 840 modulationis
727 763 899 858 efficatiam
920 766 1034 862 poffit,
1060 769 1106 837 ad

339 862 573 949 iuslrusiionrm
611 864 755 953 Mufieoe
791 865 980 960 disciplinae
1015 867 1104 940 nobis

337 971 399 1036 aar
423 969 571 1058 deseras,
597 989 655 1041 aut
681 969 813 1042 mitras.

393 1074 524 1142 Verum
553 1071 647 1145 inter
674 1075 853 1146 Romanos
883 1068 923 1147 δι
949 1076 1125 1155 Graecos,

337 1168 461 1245 tandiu
503 1177 638 1248 Romae
673 1173 874 1247 dominatos
911 1194 956 1248 'ea
997 1170 1102 1245 sami·

338 1269 478 1348 liaritas
513 1277 547 1347 δι
585 1273 798 1348 consuetudo
842 1274 1101 1364 intercesserat,

1213 563 1324 635 cbinae
1346 562 1496 656 pluribus
1520 566 1688 658 operibus,
1715 583 1773 639 out
1796 565 1836 636 oi
1861 563 1977 657 masere

1213 687 1365 761 coguntur
1389 666 1518 763 effusus
1543 667 1676 749 babere,
1703 688 1739 738 ut
1757 666 1887 754 belisiae
1905 667 1976 738 dre.

1213 774 1343 863 Organa
1366 773 1442 839 veri
1466 769 1563 839 unius
1588 792 1672 866 ope,
1708 770 1760 840 uti
1779 766 1978 864 scorpionis,

1211 888 1271 940 aut
1295 869 1533 968 anisocyclorum
1567 871 1783 963 versationes.
1814 869 1978 966 Denique

1081 1019 1085 1027 .
1211 978 1342 1065 Organa
1380 974 1556 1071 appollon
1604 970 1699 1045 suere
1748 970 1978 1047 instrumenta

1212 1070 1378 1167 quaedam
1408 1073 1449 1145 ad
1486 1073 1727 1154 metiendum,
1767 1071 1978 1148 Columella

1212 1170 1292 1244 teste
1328 1172 1410 1248 Lib.
1439 1198 1473 1271 3.
1510 1178 1598 1275 Cap.
1631 1199 1687 1272 ¹3·
1721 1179 1824 1267 Quae
1850 1173 1977 1248 omnia

1212 1273 1358 1347 dubium
1386 1273 1541 1358 sariunt,
1577 1303 1638 1350 cur
1673 1277 1715 1348 ab
1754 1284 1880 1372 Organa
1906 1301 1977 1349 no-

339 1390 380 1446 ut
408 1372 470 1448 vix
497 1374 591 1450 credi
619 1374 723 1476 possit
748 1393 823 1450 tam
842 1374 917 1450 serb
941 1375 1102 1450 invesius
1152 1376 1179 1446 B
1214 1400 1294 1448 men
1322 1375 1510 1450 Veronensi
1539 1381 1664 1451 Portae
1687 1377 1881 1466 accesserit.
1910 1381 1975 1448 An

336 1471 377 1548 in
406 1479 647 1551 Romanorum
685 1480 840 1578 Templa
885 1475 964 1551 usus
989 1481 1102 1577 Orga-

336 1602 486 1652 norum.
534 1578 642 1675 Quod
696 1574 871 1677 ejusmodi
918 1577 1102 1652 machinae

335 1682 463 1754 Seculo
490 1684 553 1754 1x.
580 1680 635 1756 uti
671 1678 710 1756 ἃ
738 1706 854 1770 nunc,
889 1678 928 1753 in
955 1684 1101 1753 Germa-

337 1779 400 1855 nia
425 1780 602 1882 exquisito
642 1781 798 1857 artificio
826 1780 1099 1862 fabricarentur,

336 1881 460 1982 ibique
495 1884 603 1960 essent
628 1887 673 1957 ad
707 1911 825 1955 ornnem
860 1884 1102 1955 modulationem

337 1984 446 2082 periti
486 1990 709 2086 organorum
758 1983 980 2084 pulsatores,
1020 1984 1100 2059 ideo

336 2082 443 2159 illinc
470 2085 644 2177 Johannes
672 2091 774 2161 Vlll.
801 2089 836 2160 bt
864 2087 1100 2187 Organum&

337 2185 550 2263 Artificem·
581 2188 719 2292 petiisse
763 2188 936 2264 videtur.
995 2186 1102 2282 Quod

1215 1482 1299 1550 verb
1320 1475 1455 1552 Musrca
1480 1481 1671 1553 multarum
1692 1503 1819 1554 vocum
1844 1476 1980 1579 inipso

1211 1574 1384 1652 discordia
1400 1579 1694 1667 consonantium,
1713 1605 1817 1678 qnam
1837 1585 1979 1651 Contra-

1209 1700 1304 1770 ponto
1336 1678 1355 1716 *
1385 1679 1400 1776 s
1423 1683 1697 1778 Contrappunto)
1727 1682 1977 1779 appellamur,

1211 1798 1323 1855 aetate
1343 1779 1453 1854 nostra
1472 1781 1617 1864 usitata,
1644 1780 1980 1880 magnoqueliudio

1212 1885 1373 1962 exculta,
1396 1900 1482 1956 nota
1502 1881 1731 1982 usurpatoque
1751 1880 1857 1953 suerit
1878 1880 1976 1954 anti-

1214 1983 1293 2085 quis
1321 1983 1562 2083 temporibus,
1591 1981 1838 2083 disputandum
1867 1980 1979 2055 relin-

1211 2113 1316 2183 quam
1335 2085 1558 2177 Mcibomio‚
1577 2083 1744 2166 Zarlino‚
1766 2081 1978 2184 Angelino,
2073 2110 2075 2114 ⁴

1213 2186 1360 2284 aliisque
1377 2187 1508 2285 majore
1523 2187 1604 2260 otio
1619 2184 1817 2261 utentibus.
1840 2182 1875 2258 Si
1890 2183 1980 2258 Kir-

337 2287 449 2364 etiarn
475 2289 741 2392 animadverti,
780 2288 842 2364 sub
868 2288 1103 2365 Constantino
1143 2302 1174 2374 C
1211 2286 1315 2361 chero
1331 2287 1532 2361 douiffimo
1557 2287 1679 2363 viro-e
1699 2285 1874 2361 Societate
1895 2282 1976 2376 Iesu

335 2393 475 2492 Magno
520 2392 709 2493 Augusto,
769 2391 912 2466 circiter
956 2395 1101 2463 Annum

336 2490 470 2568 Christi
497 2498 717 2569 cccxxu.
755 2493 901 2568 Publius
936 2491 1103 2591 Optatia-

1211 2387 1495 2488 acquiescendum
1535 2388 1580 2462 est
1612 2387 1650 2462 in
1679 2385 1862 2488 Musurgia
1888 2386 1975 2462 Lib.

1213 2513 1246 2584 ς.
1265 2495 1373 2566 Tom.
1395 2490 1499 2591 prim.
1520 2517 1596 2592 pag.
1625 2510 1710 2582 215.
1737 2492 1849 2560 Gur‘dr
1868 2496 1977 2563 Arre·

336 2619 403 2667 nus
442 2595 656 2691 Porphyrius
696 2595 735 2666 in
786 2593 1003 2690 Panegyrico
1029 2616 1102 2663 me·
1210 2595 1318 2673 tinus,
1343 2595 1457 2688 dequo
1469 2593 1570 2689 supra
1584 2595 1726 2690 egimus,
1753 2591 1861 2663 ausser
1877 2591 1978 2662 etiant

338 2691 459 2782 trito,
503 2692 601 2767 edito
647 2691 741 2764 inter
785 2695 900 2787 Opera
940 2688 1102 2770 Velseri,
1204 2692 1273 2779 sirit
1299 2692 1576 2777 instrumentorum
1599 2692 1888 2789 polypsesiroeurn,
1924 2692 1977 2764 uri

296 2803 298 2807 ’
338 2789 504 2866 dilectam
533 2789 753 2866 mentionem
780 2788 867 2863 saeit
886 2796 1103 2886 organorum,

337 2919 429 2991 quae
455 2920 516 2994 per
541 2892 645 2967 solles
665 2909 812 2966 ventum
834 2888 1102 2990 concipiebant.

338 2998 468 3095 Neque
494 2993 741 3077 reticendum,
767 2991 933 3067 censuisse
958 2989 1104 3066 Clariss.

1203 2791 1282 2880 sunt
1299 2791 1532 2889 tlanicyrnbala
1542 2842 1554 2874 ,
1573 2794 1812 2874 claviehordia,
1834 2793 1978 2879 smilio-

1209 2917 1292 2987 que:
1326 2895 1409 2988 quod
1449 2893 1494 2963 Θ·-
1520 2893 1589 2989 ipsa
1609 2893 1685 2988 jans
1708 2894 1808 2965 citata
1837 2896 1977 2968 Dedisse·

1211 2993 1294 3065 toria
1320 2993 1456 3075 innuit,
1498 2995 1575 3065 dum
1601 2998 1645 3066 ad
1670 3018 1800 3068 cantum
1822 2997 1977 3070 adhibuit

338 3094 599 3197 Dis-Congium
628 3095 668 3171 in
705 3095 854 3170 Glossar.
884 3092 1006 3170 Latin.
1034 3097 1104 3166 Or·
1210 3093 1442 3166 monochordum
1467 3098 1622 3191 quoddam
1648 3097 1822 3169 harmonice
1839 3098 1976 3186 censlrur·

251 3211 253 3218 '
335 3225 431 3300 gana
456 3197 557 3275 suilse
584 3196 775 3274 Veronensi
803 3195 912 3270 etiam
931 3193 1105 3268 Ecclesiae
1133 3188 1177 3257 rD
1210 3193 1320 3270 dum.
1362 3201 1415 3267 Ea
1440 3195 1556 3292 quibus
1591 3202 1763 3279 eomludo.
1798 3202 1973 3271 miram

339 3321 500 3401 ternpore
525 3300 650 3377 Caroli
677 3298 831 3399 Magni,
872 3323 981 3397 quum
1015 3299 1105 3397 apud

339 3402 551 3500 Ugbellium
580 3405 690 3476 Tom.
738 3407 783 3473 V.
824 3399 905 3472 Ital.
947 3403 1040 3473 Sace.
1067 3399 1105 3472 in

338 3499 472 3575 duabus
511 3500 659 3574 Cbartis
700 3499 844 3572 circiter
878 3525 920 3571 ea
946 3514 1106 3596 tempora

338 3598 481 3699 scriptis
521 3616 683 3672 occurrat
722 3607 822 3668 Porta
847 3599 993 3693 Organs'.
1039 3601 1104 3672 Sed

338 3701 434 3801 qubd
461 3724 530 3774 una
557 3725 600 3774 ea
632 3697 748 3773 Portis
785 3700 947 3771 Veronae
973 3721 1103 3773 nomen

337 3802 410 3877 hoc
435 3801 667 3902 praetulerit.
702 3799 824 3901 ibique
860 3825 968 3900 prope
993 3801 1102 3874 etiam

338 3903 525 3980 conditum
552 3904 660 3981 suerit
695 3899 976 4004 antiquiffimum
1010 3905 1103 3978 Coe·

335 4006 486 4081 nobium
527 4010 744 4106 appellatum
791 4005 933 4079 Sassiae
972 4007 1104 4080 Mariae

1210 3293 1355 3391 easiitiffe
1375 3301 1572 3370 iouentorem
1590 3301 1786 3397 polypbonae
1805 3299 1974 3386 Muficae,

1210 3425 1305 3493 quum
1331 3398 1498 3485 anterius
1524 3420 1662 3495 tempora
1686 3431 1729 3473 esa.
1749 3405 1849 3495 nuliis
1882 3408 1975 3475 Veter-

1210 3527 1279 3569 rum
1305 3501 1514 3572 monumentis
1537 3504 1629 3596 poffie
1653 3505 1786 3596 colligi,
1814 3505 1851 3573 id
1869 3529 1974 3598 gentse

1210 3598 1353 3676 Musicae
1395 3605 1484 3693 apud
1525 3609 1645 3675 Veteres
1678 3601 1773 3696 finisse
1814 3604 1850 3674 in
1888 3603 1976 3695 sqsu.

1209 3700 1378 3774 Eamdern
1425 3702 1635 3778 sententiam
1672 3704 1871 3806 Angeliaus
1907 3709 1974 3781 Pe»

1209 3800 1342 3876 rufinus
1368 3822 1509 3879 tuetur.
1549 3805 1653 3901 Apud
1679 3808 1763 3878 illos
1790 3805 1833 3879 lit
1858 3805 1976 3883 sides.

1209 3907 1292 3978 Hoc
1318 3931 1426 3979 unum
1454 3931 1521 4005 ego
1543 3901 1731 4000 adjiciam,
1769 3905 1970 3994 Iohannem

1208 4004 1496 4080 Sarisberiensem
1520 4005 1665 4079 circiter
1699 4009 1846 4079 Annum
1874 4011 1975 4084 MC·

327 4110 382 4186 aa
420 4116 602 4207 organum,
644 4131 716 4178 non
759 4105 931 4180 continuo
975 4106 1103 4183 inferre
1144 4090 1176 4162 E
1208 4111 1323 4183 Lxx.
1351 4110 1434 4184 Lib.
1456 4107 1600 4181 Primo.
1623 4103 1714 4207 Cap.
1736 4109 1771 4182 6.
1804 4108 1971 4185 Polierat.

334 4209 535 4312 possumus.
561 4213 703 4314 Organa
729 4207 953 4315 pneumatice
982 4208 1020 4281 in
1040 4209 1102 4284 usu

337 4312 594 4392 Veronensibus
644 4333 729 4389 tunc
770 4305 936 4408 Templis
978 4307 1103 4383 fuisse.

241 4441 244 4444 ·
339 4419 410 4492 Nil
444 4419 495 4496 rei
532 4417 639 4493 babet
678 4418 784 4490 Porta
810 4435 890 4486 cum
917 4409 1104 4508 Templis.
1134 4508 1136 4512 Α

204 4518 207 4523 ’
338 4520 520 4597 Praeterea
574 4519 751 4595 vocabulo
798 4512 922 4612 organi
966 4529 1102 4585 veteres

336 4624 665 4714 complectebantur
708 4640 949 4717 quaecumque
983 4612 1119 4687 Musa.

336 4743 465 4794 corum
505 4722 772 4794 Instrumenta.
830 4719 949 4792 Immo
989 4713 1098 4788 etiam

339 4819 531 4896 Machinae
558 4819 727 4915 quaedam
753 4823 883 4911 Organa
923 4842 1101 4916 nuncupa-

339 4944 378 4998 ta
404 4921 528 5005 suere,
551 4918 722 4993 Vitruvio
742 4914 914 4988 scribente
938 4919 1021 4991 Lib.
1045 4941 1104 4994 ιο.

339 5030 428 5129 Cap.
451 5026 702 5131 petramora
725 5014 901 5096 Mauras
925 5016 975 5102 (θ’
997 5030 1100 5122 Orga·

194 5429 406 5648 Α

1208 4209 1251 4283 de
1278 4207 1413 4284 Musica
1440 4208 1540 4308 loqui
1558 4266 1572 4299 ,
1591 4238 1593 4243 ’
1612 4235 1652 4282 ac
1697 4209 1837 4300 dolere,
1876 4210 1971 4308 quosl

1210 4310 1330 4382 rnollis
1365 4313 1400 4382 &
1447 4311 1628 4386 luxurians
1669 4310 1870 4386 modulatio
1892 4309 1971 4385 adi»-

1210 4430 1287 4483 tum
1313 4410 1351 4485 in
1378 4410 1471 4486 sacra
1507 4414 1708 4490 invenerit.
1748 4413 1877 4508 ipsun,
1912 4412 1972 4485 iur-

1209 4513 1311 4611 quit,
1337 4513 1455 4585 cultum
1482 4517 1666 4610 Religionis
1700 4513 1851 4605 incessat,
1890 4522 1975 4611 quod

1174 4694 1176 4699 ,
1210 4636 1284 4686 me
1309 4616 1502 4713 consperto„
1544 4617 1755 4691 Domini.·in
1780 4615 1856 4708 ipsis
1877 4637 1980 4707 peno·

1209 4715 1348 4787 trasibus
1385 4716 1572 4790 Saniluarii
1597 4775 1608 4808 ,
1653 4719 1852 4808 lascivientis
1872 4720 1978 4793 *umis

1209 4819 1309 4898 luxu,
1344 4824 1484 4914 quondm
1516 4820 1733 4907 assentatiunc-
1753 4821 1838 4914 fisis
1863 4821 1980 4892 mulie·-

1210 4914 1321 4990 bribus
1346 4921 1469 5009 modis,
1505 4944 1677 5006 notarum,
1713 4923 1979 5019 articulorumque

1208 5020 1343 5115 usuris
1368 5021 1530 5118 slopentrs
1553 5023 1718 5100 animulas
1758 5026 1897 5099 enrolsire
1922 5026 1976 5096 ιο·-

1812 5176 1816 5185 ,
1847 5147 1922 5200 m·
