4216 6014
141 414 146 426 .
226 341 314 454 ἵης
554 324 1014 423 DlSSEllTATIO
1058 319 1427 415 VlGESlMA'.

1574 349 1586 370 ·
1663 336 1750 415 226

167 454 313 550 jndicio,
355 479 417 537 narr
460 453 505 526 ad
537 452 747 549 supplicando
772 448 932 544 Principr'-
963 456 997 528 A
1094 447 1276 521 Habemus
1300 441 1381 532 heic
1407 438 1618 516 lndil‘lionem
1649 448 1809 539 sextam,

172 561 252 648 bats,
280 583 377 654 neque
398 578 456 653 per
480 555 725 640 Ecclestallieam
751 553 935 650 interpella·

171 658 288 730 tionem
298 706 311 738 ,
349 678 409 729 ant
431 679 488 748 pet
512 657 668 751 Regalem
701 661 756 726 vel
783 653 935 744 Imperia·

173 761 235 829 lem
259 759 461 850 potestatem,
497 783 535 826 ne
559 758 661 826 nllam
686 756 839 827 rationem
864 780 934 825 eon-

173 881 227 932 tta
253 861 325 949 ite,
350 885 445 955 qnam
463 857 574 950 sensns
600 857 756 937 humanus
779 858 936 951 attingere

173 960 295 1057 putell:
323 961 383 1052 Jed
408 958 509 1055 magis
533 965 578 1029 da
603 983 658 1028 nos
683 956 732 1035 (θ’
756 960 801 1029 da
826 957 936 1043 nollris

176 1060 318 1133 omnibus
335 1058 425 1152 filiis
450 1059 497 1140 ὕφ’
523 1056 688 1130 heredibus
718 1059 822 1152 securi
846 1057 935 1128 errin-

105 1171 109 1174 ’
175 1164 215 1234 dr
240 1160 396 1233 maneatis
421 1160 455 1230 ln
488 1160 632 1230 omnibns
656 1211 815 1233 .....
843 1161 938 1251 Quod

168 1260 224 1352 li,
249 1263 333 1358 qnod
356 1258 466 1353 abstt,
507 1262 552 1332 (9¹
585 1281 713 1332 averem
738 1260 859 1332 divina
879 1281 937 1354 pe-

1043 553 1153 622 Anno
1193 547 1502 619 DCCCCXVIlI.
1543 542 1806 621 decurrentem.

1044 649 1150 743 Quod
1178 646 1202 721 fi
1229 673 1272 720 eo
1298 648 1409 718 Anno
1436 644 1473 717 in
1501 645 1601 721 eursu
1626 664 1701 722 erat
1725 657 1806 722 An·

1044 777 1104 831 nus
1128 755 1185 825 ll'.
1212 744 1359 860 Imperii
1399 747 1623 860 Berengarii3
1664 775 1747 852 ergo
1773 749 1805 825 is

1045 849 1191 952 Imperii
1250 848 1401 922 tutulum
1471 845 1632 922 sumserat
1693 861 1805 927 Anno

1045 954 1297 1028 Dccccxtt.
1337 965 1420 1022 ante
1463 947 1607 1038 Iunium
1651 951 1806 1028 mensem

1043 1072 1209 1155 oportet.
1254 1055 1377 1144 Quum
1423 1065 1542 1123 tamen
1586 1052 1686 1150 plura
1711 1051 1806 1145 fiat,

1045 1182 1084 1230 ac
1110 1158 1216 1254 louge
1242 1151 1393 1228 certiora
1419 1168 1670 1234 monumenta,
1705 1178 1807 1229 coro-

1045 1256 1228 1332 nationem
1272 1258 1469 1328 Romanam
1517 1253 1719 1352 Berengarii
1762 1251 1806 1329 ad

176 1362 300 1453 tentia,
327 1361 375 1443 dr
400 1363 507 1435 omnia
531 1381 568 1434 nt
588 1361 688 1457 supra
712 1386 774 1431 nan
792 1360 938 1451 observa·
970 1376 999 1446 Β
1045 1360 1194 1430 Annum
1220 1357 1492 1431 Dccccxvn
1519 1353 1732 1439 referentia,
1769 1381 1807 1430 a·

174 1488 250 1558 oero
275 1465 331 1535 uel
355 1462 591 1559 adimplevero,
618 1462 663 1532 (9¹
687 1483 795 1534 cantra
820 1463 869 1533 ira
894 1461 940 1530 ire

174 1581 230 1636 tres
271 1589 363 1661 agere
404 1585 463 1636 aut
506 1564 686 1635 contendere
728 1562 855 1633 valuero
882 1583 941 1658 per

145 1665 345 1763 ‚quemlibet
370 1668 495 1736 modurn
519 1667 574 1736 vel
598 1663 751 1752 titnlrsrn,
784 1685 842 1758 pro
866 1663 938 1759 qni-

177 1768 234 1837 bns
255 1764 371 1859 jurate
395 1793 467 1837 uoce
491 1767 579 1847 dira,
616 1784 673 1859 per
700 1770 802 1836 Deum
828 1764 939 1835 Omni-

175 1883 354 1960 potentem,
386 1871 557 1960 Sedemqne
585 1866 735 1956 saeclum
774 1863 939 1955 Apostoli·

116 1984 118 2019 ³
174 1991 269 2056 tam,
295 1965 401 2037 vitam
427 1970 619 2036 Damnatum
658 1965 848 2052 nostrorum,
888 1986 940 2035 at·

177 2062 342 2154 testatione
365 2063 552 2157 confirmo,
571 2092 631 2161 qne
663 2068 780 2138 datura
814 2091 862 2134 me
886 2061 942 2160 effe

174 2166 324 2257 promitto
349 2192 404 2263 ego
428 2166 608 2238 antedislrrs
634 2164 859 2238 Firminianns
877 2192 942 2237 sana

1046 1477 1106 1558 pta
1133 1455 1217 1530 haec
1243 1454 1393 1529 minime
1432 1454 1580 1530 suntad
1607 1482 1665 1532 me
1690 1483 1807 1546 remo-

1045 1558 1199 1675 vendum
1226 1584 1246 1631 e
1272 1557 1387 1656 priore
1412 1555 1605 1631 sententia.
1647 1558 1756 1655 Quod
1781 1556 1807 1632 li

1046 1655 1471 1840 ttl‘ll{f‚.fi¹¹²lt‘.
1498 1661 1808 1857 latablata

1045 1861 1157 1962 ligere
1183 1860 1377 1960 possemus,
1418 1857 1536 1934 minus
1561 1859 1656 1936 reete
1695 1887 1714 1936 a
1742 1866 1808 1937 ua-

1047 1964 1108 2063 gio
1134 1963 1256 2037 eodem
1283 1959 1470 2036 exordium
1497 1961 1808 2057 PontificatusJa-

1047 2065 1164 2137 bannis
1191 2071 1233 2136 X.
1259 2071 1370 2159 Papae
1403 2061 1590 2160 alligatum
1628 2061 1728 2139 luisse
1754 2068 1810 2140 A·
1943 2064 1945 2068 ⁸

1047 2164 1133 2261 peili
1174 2165 1275 2238 Anni
1300 2169 1540 2237 DCCCCXVI.
1568 2189 1650 2237 nam
1671 2165 1808 2242 Charta

177 2293 245 2339 essm
270 2268 378 2365 ceteris
394 2265 486 2359 filiis
510 2265 558 2347 &
580 2267 746 2339 heredibus
762 2287 838 2339 ants
854 2293 942 2336 amne
973 2275 1006 2350 C
1047 2264 1110 2339 illa
1144 2291 1209 2339 uos
1253 2268 1379 2354 docet,
1423 2264 1536 2364 ipsum
1583 2267 1811 2366 praecedente

173 2368 248 2440 litis
269 2365 426 2460 inditium
451 2389 510 2440 ant
551 2368 826 2458 interpellatione,
863 2387 942 2464 pene

178 2469 303 2541 nomina
326 2470 398 2540 anri
424 2471 530 2559 obrizo
566 2468 701 2541 Libram
735 2496 858 2549 unam,
894 2467 941 2545 ὅν

174 2591 233 2666 per
250 2569 374 2660 saluere
399 2588 526 2641 maneat
552 2571 633 2641 bane
655 2570 810 2665 paginam
829 2570 864 2640 in
880 2570 942 2661 sua

171 2669 355 2762 firmitate.
382 2679 492 2768 Quam
512 2671 670 2767 paginam
694 2673 849 2744 Andreas
867 2680 941 2763 ¹Ta-

178 2771 273 2843 bellio
291 2771 489 2865 scribendam
515 2772 720 2869 rogavimus,
738 2769 850 2865 subter
874 2799 940 2844 rna·

180 2874 274 2944 nibus
297 2874 433 2969 propriis
449 2873 686 2964 firmavimus,
711 2872 898 2968 tellibnlqne
922 2904 943 2943 a

178 2972 267 3046 nobis
285 2975 508 3071 mgitisobtuli
516 2973 744 3068 subscribenda
752 3023 765 3056 ,
781 2998 944 3068 aaronque

173 3074 334 3170 presentia
350 3103 418 3148 earn
430 3102 534 3148 eorum
552 3075 733 3148 contradidi
751 3074 816 3168 [ab
826 3077 882 3147 die
895 3073 941 3152 (θ’

1047 2373 1149 2440 Anno
1192 2371 1436 2441 DCCCCXlll.
1477 2385 1559 2440 ante
1599 2366 1695 2442 diem
1744 2371 1809 2444 Ν.

1047 2467 1178 2542 Mensis
1221 2466 1320 2557 Junii
1364 2465 1577 2542 Cathedram
1632 2467 1809 2570 Principis

1047 2569 1298 2668 Apostolorum
1343 2567 1595 2642 conscendisse.
1637 2573 1686 2643 Et
1730 2569 1809 2646 sane

1046 2668 1258 2743 concordem
1286 2666 1407 2744 videas
1426 2667 1594 2743 notitiam
1618 2669 1707 2745 hauc
1727 2698 1809 2748 curn
1961 2702 1966 2715 ·

1047 2770 1181 2845 Leonis
1216 2767 1380 2844 Ostiensrs
1406 2767 1584 2851 Historia,
1623 2796 1730 2870 quam
1769 2773 1810 2848 in
1888 2795 1892 2800 ‘

1048 2870 1115 2943 hoc
1144 2873 1226 2944 loco
1254 2871 1382 2970 Pagius
1417 2871 1635 2946 contemnit.
1678 2877 1809 2951 Verltm

1048 2969 1127 3045 heic
1165 2969 1283 3068 agitur
1323 2972 1365 3044 de
1415 2971 1615 3090 apogpapho
1636 2977 1811 3060 ¹recenti.
1944 3067 1948 3073 ¹

1048 3071 1106 3145 cui
1134 3072 1288 3143 multum
1314 3070 1537 3146 auslorrtatss
1563 3072 1718 3149 tribuere
1738 3101 1810 3151 nou

178 3174 365 3268 Mense&
391 3176 567 3250 Indlbliane
594 3177 811 3274 suprascripta
844 3185 943 3248 Senta
976 3181 1007 3246 D
1049 3171 1160 3245 licet.
1187 3174 1382 3253 Ceterum,
1423 3188 1463 3244 ut
1503 3172 1542 3246 in
1569 3169 1729 3248 semitam
1756 3202 1810 3251 re-

181 3274 218 3343 in
234 3280 329 3364 loeo,
353 3277 410 3368 qni
434 3277 554 3346 dicitnr
578 3277 807 3348 Firminiana.

232 3377 306 3468 Ego
331 3374 556 3445 Firminiansss
588 3374 707 3464 Consrtl
743 3375 778 3444 in
801 3375 944 3471 batpa-

330 3473 414 3569 gina
438 3504 460 3548 a
484 3501 532 3544 me
551 3473 646 3564 [alla
665 3472 854 3570 subscripsi.
944 3468 947 3476 ¹

231 3577 369 3644 Seuerus
395 3576 429 3646 in
455 3577 513 3648 bae
535 3575 661 3671 pagina
695 3595 824 3671 rogatas
858 3574 944 3661 tellis

259 3716 265 3727 -
328 3673 514 3773 srrbseripll.

231 3774 443 3848 lldebrandrrs
468 3778 503 3849 in
530 3780 589 3850 bac
609 3775 734 3874 pagine
762 3776 943 3848 donatianis

229 3876 833 4076 Andriiiairisbidelliplagiridcripgitns
858 3978 945 4066 testis

197 4085 202 4094 ’
326 4079 514 4174 subscripfi.

232 4185 343 4251 Brnna
379 4182 413 4251 in
451 4181 511 4251 hac
541 4178 666 4277 pagina
703 4199 831 4276 rogatus
847 4178 941 4268 ‚tellis

327 4280 514 4378 subseripfi.

232 4382 435 4477 Reginaldsss
461 4382 494 4453 in
521 4382 579 4452 bac
601 4381 726 4478 pagina
749 4401 877 4478 rugatas
895 4402 941 4452 te-

327 4481 389 4570 llis
408 4483 593 4578 anscrlpfi.

182 4582 187 4587 ’
234 4583 386 4658 Andreas
410 4586 556 4657 Tabellis
581 4583 722 4680 scriptor
754 4581 850 4678 bajus
880 4606 942 4680 pa-

206 4680 208 4683 ’
331 4685 407 4782 gine
430 4685 633 4775 donationis,
668 4686 842 4782 utsupra,
877 4686 943 4780 pell

337 4788 560 4857 remeationem
584 4786 742 4878 interfari,
768 4788 961 4883 complevi,-

338 4873 383 4953 o
406 4886 548 4977 ansas.
623 4873 633 4885 '

282 5091 379 5160 Tamo
403 5086 459 5159 IV.

1050 3290 1193 3361 vertar,
1220 3288 1362 3370 repeto,
1403 3270 1496 3346 nulli
1522 3274 1811 3372 Langobardicae

1050 3369 1193 3447 mulieri
1219 3370 1356 3447 licuisse
1382 3371 1511 3447 donare
1520 3421 1533 3455 ‚
1559 3374 1731 3466 vendere,
1751 3395 1812 3452 aut

1049 3490 1245 3571 permutare
1285 3472 1355 3546 stne
1394 3472 1559 3548 consensu
1593 3474 1809 3553 Mundualdi

1049 3571 1121 3646 sui.
1147 3575 1321 3647 Attamen
1335 3585 1350 3662 ⁴,
1385 3599 1495 3670 quum
1522 3574 1675 3652 humana
1710 3579 1810 3677 cupi-

1048 3674 1160 3749 ditate
1195 3691 1340 3772 urgente
1377 3673 1627 3774 deprehensum
1667 3677 1810 3774 suisset,

1049 3773 1289 3857 Mundualdos
1329 3774 1368 3848 in
1411 3779 1560 3850 tutelam
1598 3778 1810 3859 feminarum
1916 3838 1918 3843 -

1049 3874 1250 3965 institutos,
1278 3873 1444 3972 potestate
1470 3876 1533 3953 fibi
1560 3878 1661 3974 dard,
1688 3909 1728 3958 ac
1754 3884 1811 3960 iu-

1049 3975 1221 4050 firmitate
1248 3975 1431 4051 muliebris
1457 3977 1579 4063 sexus,
1615 3984 1707 4058 male
1733 3985 1810 4075 uti,

975 4082 1003 4150 E
1051 4075 1290 4175 Liutprandus
1319 4080 1394 4151 Rex
1421 4078 1564 4173 edixit,
1600 4100 1642 4156 ut
1668 4084 1810 4159 mulieri
1961 4144 1965 4150 .

1051 4202 1098 4249 res
1117 4177 1217 4269 suas,
1242 4179 1352 4251 etiam
1378 4181 1585 4274 consentiente
1619 4185 1713 4273 uiro,
1731 4210 1810 4258 ,ve-

1049 4278 1204 4352 nundare
1239 4278 1399 4361 volenti,
1434 4281 1504 4354 duo
1540 4273 1598 4354 rel
1639 4300 1710 4356 tres
1741 4291 1811 4358 Pa·
1912 4360 1915 4365 ,

1051 4401 1175 4468 rentes,
1215 4378 1298 4454 idest
1333 4380 1395 4476 qui
1436 4380 1624 4479 agnatione
1665 4381 1725 4458 illi
1752 4412 1811 4458 co-

1051 4481 1334 4580 njungerentur,
1386 4481 1583 4555 contractui
1640 4484 1813 4582 adessent,

1052 4579 1270 4681 exploraturi
1308 4578 1478 4655 videlicet
1517 4578 1557 4656 ἃ
1597 4581 1689 4684 ipss,
1728 4614 1814 4664 num

1051 4680 1166 4764 sesua,
1211 4679 1291 4771 vis,
1332 4697 1392 4755 aut
1427 4680 1498 4756 alia
1539 4685 1663 4784 iniqua
1702 4692 1814 4766 caussa

1052 4809 1127 4859 eam
1149 4781 1191 4857 ad
1208 4781 1429 4858 vendendum
1446 4787 1686 4885 pertraxiffet.
1705 4795 1813 4868 Hunc

1052 4883 1167 4983 ipsum
1194 4882 1304 4958 ritum
1332 4884 1444 4960 adhuc
1483 4889 1705 4965 Mutinenses
1748 4896 1813 4964 ob-

1053 4983 1215 5152 servapt;
1258 4983 1297 5061 ἃ
1337 4989 1391 5061 uti
1419 5007 1552 5064 veteres
1586 4992 1814 5165 Langobaplrdi

1154 5145 1157 5150 .
1723 5114 1743 5163 a
