4216 6014
369 324 458 438 ,27
668 318 1097 444 Auernum.
1145 300 1608 414 Manrrnuur
1803 330 1898 441 ,n-

363 441 471 515 Ritus
510 450 630 517 aut'em
672 442 882 518 conficiendi
918 469 959 518 ac
995 468 1078 544 pro·
1113 441 1150 514 A
1170 446 1274 546 *logo
1300 444 1438 521 suarum
1464 445 1603 544 Legum
1629 441 1665 516 dc
1691 438 1763 540 ipse
1794 442 1958 538 sarens-,²

312 541 496 643 mulgandi
545 551 680 646 Leges,
726 571 795 619 nnn
831 546 862 619 is
888 545 978 617 olim
1006 542 1077 619 fuit

311 665 353 715 ac
380 645 504 719 nostris
532 648 747 748 temporibus
773 645 863 744 apud
883 638 1075 719 nonnullos

311 745 451 843 Regum
478 775 518 822 ac
540 748 741 848 Principum
766 747 940 821 seruatus.
968 749 1074 820 Tunc

310 845 409 920 enim
439 852 548 949 Leges
575 867 743 947 perpetuo
783 848 993 936 duraturae,
1034 874 1075 921 ac

311 946 476 1022 uniuerso
504 955 626 1051 Regno
652 949 910 1048 imponendae,
938 975 1008 1023 non
1031 950 1075 1021 ab

311 1072 384 1122 uno
424 1048 573 1127 arbitrio
615 1077 655 1125 ac
685 1051 908 1152 providentia
937 1049 1075 1125 Princi-

308 1147 389 1248 pis,
429 1150 572 1251 ejusque
606 1149 816 1229 Consrliorii
861 1152 1074 1252 manabant3

310 1246 369 1323 sed
395 1277 484 1350 opus
509 1274 612 1346 erat,
646 1273 687 1329 ut
714 1256 759 1331 iis
786 1254 965 1330 accederet
991 1260 1077 1324 Cun-

302 1349 416 1438 firium
440 1357 476 1427 ἃ
502 1357 675 1450 consensus
700 1356 877 1433 Ordinum
904 1354 975 1428 five
1001 1354 1077 1426 Pri·

310 1472 449 1529 matum
491 1457 625 1558 Regni.
674 1457 832 1558 Singulis
866 1478 951 1556 ergo
978 1453 1079 1528 annis

310 1554 570 1633 consueverunt
611 1560 738 1634 ltaliae
767 1562 877 1658 Reges
904 1552 1079 1659 generalia

311 1658 430 1756 Regni
471 1657 639 1734 Comitia
679 1659 830 1753 habere,
875 1660 1080 1760 plerumque

312 1757 472 1851 Ticini,
507 1762 543 1834 δι
580 1763 788 1862 plerumque
821 1761 1079 1836 recurrentibus

312 1860 487 1936 Kalendis
513 1863 684 1939 Martiis.
727 1868 781 1938 Εὸ
806 1861 872 1937 hac
897 1861 941 1939 de
967 1863 1080 1936 caussa

313 1959 541 2038 confluebant
569 1984 703 2062 praeter
731 1964 934 2056 Palatinos,
969 1962 1077 2038 etiam
1140 2035 1142 2041 .

315 2064 480 2141 Proceres
509 2067 651 2169 Regni,
696 2067 764 2143 boc
805 2067 852 2141 est
877 2072 1003 2156 Duces,
1044 2066 1077 2137 δι

305 2168 466 2260 Iudices,
502 2170 564 2269 qui
593 2171 732 2242 Comites
758 2167 820 2243 sub
847 2166 991 2241 francis
1018 2191 1080 2262 po·

1189 547 1224 620 ie
1249 573 1306 621 eas
1332 545 1478 623 sanxisse
1501 568 1559 642 per
1586 543 1812 642 suggessionem
1828 608 1832 618 .
1846 548 1955 637 Judi·

1188 676 1280 738 eum,
1327 649 1524 742 omniumque
1566 647 1781 738 Confessum.
1828 650 1956 745 Neque

1189 749 1298 824 aliam
1344 748 1520 823 rationem
1557 747 1679 821 tenuit
1713 747 1959 843 Liutprandus

1190 855 1289 941 Res,
1315 850 1378 949 qui
1398 849 1482 925 Lib.
1503 847 1606 946 prim.
1625 848 1700 940 air,
1726 875 1767 923 ea
1792 847 1854 924 fibi
1879 851 1956 945 plu-

1187 949 1278 1042 cuiffe
1313 981 1379 1024 unu
1419 978 1487 1023 rum
1528 950 1672 1022 omuibus
1703 957 1736 1041 J
1737 952 1881 1023 udieibus
1918 954 1961 1024 de

1187 1053 1342 1140 Ausinius
1369 1055 1413 1122 θ
1438 1051 1606 1139 Neusiriue
1627 1054 1800 1146 parribus,
1842 1049 1890 1132 (γ’
1916 1057 1960 1126 de

1189 1152 1321 1247 Tusciae
1356 1151 1512 1246 finibus,
1551 1179 1620 1223 rum
1646 1153 1777 1247 reliquis
1794 1151 1959 1242 fidelibus

1190 1258 1265 1326 meis
1292 1254 1535 1352 Langobardis,
1561 1260 1605 1324 Θ
1622 1251 1735 1323 nunilo
1752 1255 1875 1346 Populo
1900 1256 1957 1346 us-

1119 1361 1148 1431 B
1189 1356 1332 1442 filimer.
1367 1356 1498 1429 Eadem
1539 1353 1613 1444 ipse
1637 1352 1766 1451 repetit
1805 1354 1845 1427 in
1871 1355 1956 1432 aliis

1194 1455 1474 1533 Praesitionibus
1500 1455 1543 1530 ad
1569 1455 1698 1531 Libros
1723 1451 1860 1529 suarum
1873 1460 1956 1547 ¹,Le-

1192 1587 1297 1661 gum.
1341 1561 1438 1634 ldem
1465 1583 1605 1658 quoque
1631 1584 1650 1630 s
1678 1554 1855 1631 Ratchisso
1885 1562 1957 1632 Re·

1192 1688 1235 1763 ge
1262 1661 1461 1762 praestitum
1489 1658 1766 1734 animaduertes.
1808 1655 1872 1732 Sed
1912 1655 1954 1733 δι

1194 1763 1398 1862 Aistulphus
1429 1768 1505 1836 Rex
1531 1760 1696 1837 testatur,
1737 1757 1771 1831 se
1805 1785 1958 1830 cumuta-

1194 1867 1237 1938 ris
1262 1894 1300 1937 err
1323 1863 1460 1947 diversis
1485 1863 1632 1951 parribus
1654 1859 1762 1952 Regni
1782 1858 1876 1944 moliri
1889 1864 1961 1949 Ju-

1194 1967 1339 2055 diribus,
1365 1962 1520 2036 cummuni
1544 1957 1685 2038 Confisus
1709 1981 1820 2030 nouas
1847 1960 1963 2058 Leges

1195 2069 1230 2140 in
1249 2067 1368 2142 EdiHi
1381 2064 1536 2162 pagiuam
1557 2057 1656 2158 affigi
1671 2055 1836 2153 sturuiffe.
1859 2062 1962 2153 Quas

1193 2170 1304 2245 etiam
1342 2167 1495 2244 Carolus
1530 2167 1685 2261 Magnus
1705 2236 1707 2239 ,
1727 2159 1855 2236 italico
1891 2165 1965 2235 Re·

314 2265 384 2343 {lea
419 2268 499 2347 lunt
534 2270 751 2371 nuncupati,
791 2268 861 2343 five
911 2265 1083 2344 Praesides
1122 2269 1154 2342 C
1193 2298 1264 2373 gno
1289 2267 1521 2346 observandas
1549 2261 1761 2362 proposuit,
1786 2261 1861 2360 ipse
1885 2285 1961 2338 nou

313 2370 496 2463 Urbium,
521 2375 557 2447 δι
585 2373 741 2449 militiae
769 2367 961 2446 Praefesli.
998 2369 1082 2465 Epi·

306 2470 397 2564 Icrpi
421 2499 592 2571 quoque,
620 2473 823 2576 praesertim
851 2471 913 2546 sub
940 2469 1083 2544 Francis

1194 2374 1300 2447 aliter
1327 2370 1464 2451 sanxit,
1504 2368 1611 2466 quim
1638 2364 1835 2462 cougregatis
1860 2364 1895 2435 iu
1921 2391 1964 2437 u·

1196 2502 1271 2546 num
1299 2473 1485 2572 Episcopis,
1510 2469 1728 2549 Abburibus,
1766 2465 1853 2538 Viris
1872 2466 1963 2539 iliu·

313 2573 351 2644 ἃ
386 2575 603 2662 Germanis,
654 2575 800 2649 coibant
835 2572 947 2660 illuc,
988 2571 1082 2669 quod
1188 2577 1337 2667 fluibus,
1365 2575 1419 2649 uti
1445 2597 1489 2646 ex
1517 2571 1591 2672 ejus
1621 2565 1842 2643 Praefatione
1858 2565 1963 2645 didi·

312 2673 349 2745 δι
374 2670 440 2768 ipfi
478 2672 610 2768 primas
648 2674 686 2746 in
731 2674 869 2771 Populo
895 2689 1081 2762 tenerent,

312 2774 348 2849 ἃ
378 2774 568 2871 Regalibus
608 2799 681 2848 non
721 2773 841 2856 paucis
870 2772 1082 2872 procedente

310 2889 473 2976 tempore
501 2873 718 2952 fruerentur.
746 2880 787 2950 ln
814 2875 861 2950 iis
880 2870 1082 2962 Comitiis,

311 3002 386 3054 non
412 2975 509 3054 secus
535 2997 641 3080 atque
677 2979 717 3054 in
760 2978 864 3052 sacris
889 2975 1083 3076 Episcopo·

312 3105 393 3155 rum
435 3082 638 3173 Consiliis,
682 3108 797 3156 nouae
833 3084 948 3179 Leges
976 3080 1092 3154 eden-⁴

1195 2677 1329 2753 cimus.
1367 2679 1507 2750 Patrem
1554 2667 1688 2773 pariter
1726 2667 1888 2744 imitatus
1914 2668 1964 2746 est

1197 2779 1369 2881 Pippinus
1397 2774 1523 2852 Italiae
1551 2778 1659 2862 Rex,
1698 2769 1760 2869 qni
1786 2768 1862 2844 suas
1886 2770 1964 2845 Le·

1195 2907 1253 2982 ges
1280 2880 1422 2963 statuit,
1449 2903 1544 2974 quum
1562 2870 1701 2968 uduffmt
1720 2869 1873 2965 sursisuum
1885 2869 1962 2958 fiu-

1191 2984 1267 3080 guli
1313 2980 1485 3079 Episcopi,
1535 2975 1686 3051 ,Absarus
1725 2971 1773 3055 dy
1798 2972 1963 3058 Comites,

1192 3085 1248 3175 seu
1286 3084 1401 3181 reliqui
1449 3080 1581 3152 Fideles
1621 3076 1718 3164 nuliri
1754 3075 1879 3148 Franci
1914 3071 1965 3157 (θ’

315 3181 380 3259 dae
426 3184 738 3285 proponebantur,
778 3183 1084 3281 expendebantur.
1128 3182 1160 3253 D
1195 3186 1421 3282 langubardi.
1458 3180 1677 3255 Exciderunt
1717 3173 1959 3252 Pnesationee

313 3289 445 3385 Neque
485 3306 589 3363 antea
626 3287 712 3361 illas
748 3287 972 3384 promulgare
1009 3309 1085 3356 mos

314 3385 409 3468 suit,
448 3390 558 3485 quim
592 3413 650 3462 eas
686 3388 859 3482 probasset
898 3390 1085 3458 Procerum

317 3505 464 3570 coetus,
510 3489 549 3560 in
592 3512 665 3582 quo
691 3483 841 3558 uniuersi
870 3486 1007 3582 Regni,
1047 3501 1087 3556 ut

315 3583 372 3664 ita
412 3585 554 3664 dicam,
598 3609 697 3656 mens
736 3587 771 3654 dt
808 3585 974 3655 voluntas
1001 3610 1086 3657 con·

316 3683 414 3762 clusa
442 3682 648 3759 videbatur.
685 3687 792 3759 Hunc
818 3682 989 3757 honorem
1018 3688 1087 3759 Po·

315 3789 406 3890 pulo
440 3783 503 3860 suo
539 3786 716 3863 habebant
752 3791 863 3887 Reges
906 3783 960 3878 ii,
998 3813 1087 3886 quos

236 3911 239 3915 ’
316 3914 413 3966 nunc
440 3890 606 3966 barbaros
630 3910 729 3967 tanta
755 3887 932 3965 facilitate
966 3890 1087 3989 appel·

316 3992 456 4084 lamus,
482 3993 518 4065 bt
545 4019 613 4091 ego
638 3993 677 4066 in
704 3992 851 4091 primis.
877 3995 955 4084 Jam
981 3990 1087 4067 habet

313 4094 453 4181 lueilm
489 4091 727 4169 Praefationes
768 4098 906 4194 Legum
942 4098 1086 4196 Lango-

315 4199 540 4279 bardicarum
565 4223 586 4271 a
613 4220 670 4269 me
698 4195 880 4292 evulgatas
907 4195 945 4269 in
972 4198 1087 4272 Libro

315 4303 421 4406 supra
446 4316 666 4379 memorato:
695 4323 752 4371 eas
780 4319 919 4367 mecum
947 4323 1087 4386 percur-

320 4427 397 4480 rat.
425 4409 466 4479 in
493 4407 590 4481 calce
607 4399 661 4477 sui
681 4395 802 4475 Edibli
823 4393 990 4470 Rotharis
1011 4401 1086 4472 Rex

319 4502 408 4578 llaec
433 4503 584 4582 scribit:
620 4511 721 4603 Leges
745 4521 874 4596 patrum
898 4496 1086 4586 nufl'mmu

318 4626 401 4701 quur
423 4607 562 4698 scriptae
585 4633 647 4679 rurs
673 4627 792 4688 munt,
817 4601 921 4676 siseris
945 4603 1087 4673 tradidi·

315 4730 410 4785 rsrrrs,
434 4726 618 4802 partemque
644 4734 753 4780 eurum
771 4705 933 4788 leiliu,
954 4703 1087 4799 purique

321 4805 482 4901 consessu
506 4807 714 4887 Primatum,
739 4808 898 4898 Judiesum
910 4854 924 4887 ‚
967 4805 1086 4879 eunus

319 4937 379 5012 qur
401 4907 572 5004 furlicifflmi
598 4908 765 4981 Exercitus
791 4906 887 4993 nostri
899 4954 914 4989 ,
937 4930 1087 5005 augentes

318 5013 553 5108 mullitur'mur.
578 5009 807 5090 Grimoaidus
833 5013 912 5088 Rex
936 5011 975 5089 in
1000 5013 1087 5090 Pro·

1196 3293 1333 3388 Legum
1375 3281 1555 3363 Ludouici
1596 3278 1677 3370 Pii,
1725 3274 1894 3356 Lotbarii
1927 3279 1960 3354 1.

1197 3389 1378 3466 Ludovici
1406 3391 1452 3462 11.
1478 3387 1513 3460 br
1548 3378 1729 3458 Gnidonis
1769 3386 1967 3482 imperato·

1197 3518 1297 3573 rum,
1336 3518 1356 3564 e
1395 3489 1523 3588 quibus
1549 3487 1670 3561 nullus
1695 3480 1844 3572 dubito,
1872 3480 1963 3580 quin

1197 3591 1293 3690 paria
1320 3590 1460 3666 laausuri
1485 3591 1655 3670 essemus,
1695 3582 1962 3659 li-incoiumes

1197 3692 1240 3765 ad
1277 3693 1390 3766 nostra
1426 3691 1533 3791 usque
1573 3700 1735 3786 tempora
1758 3681 1960 3761 erufiffenr.

1198 3797 1311 3868 Pauca
1347 3796 1479 3877 etiam,
1519 3818 1609 3893 quae
1642 3794 1735 3865 Otto
1761 3789 1808 3861 11.
1834 3787 1962 3885 Augu·

1197 3895 1263 3970 iius
1289 3896 1470 3984 decrevit,
1511 3895 1551 3970 in
1576 3889 1750 3969 Comitiis
1776 3892 1963 3961 Veronen-

1198 3996 1286 4072 sibus
1321 3997 1476 4073 stabilita
1511 3998 1592 4071 sunt
1627 3999 1737 4069 Anno
1773 3989 1966 4066 DCCCC·

1128 4084 1157 4154 !
1198 4104 1403 4178 cxxxru.
1443 4098 1586 4172 ,mutum
1631 4093 1751 4170 reum
1784 4091 1966 4164 rmum

1197 4205 1452 4276 conuenientibus
1487 4198 1534 4280 &¹
1570 4194 1849 4292 mulierienribus.
1885 4192 1963 4266 Ne·

1198 4331 1266 4400 que
1300 4304 1390 4378 alibi
1424 4303 1532 4403 quim
1566 4300 1606 4377 in
1640 4290 1967 4391 ComitiisRegni

1199 4405 1376 4481 Henricus
1404 4409 1431 4478 1.
1459 4410 1653 4505 Imperator
1676 4400 1791 4496 Leges
1815 4391 1891 4469 suas
1917 4392 1969 4468 ab

1198 4506 1365 4582 omnibns
1393 4507 1598 4583 Proceribus
1622 4497 1824 4589 crustatim
1852 4493 1971 4569 laud&

1199 4608 1425 4686 confirmatas
1450 4608 1592 4687 emifit.
1637 4607 1694 4680 Ita
1730 4600 1815 4675 dnm
1842 4594 1972 4694 Tutugi

1199 4713 1236 4783 iu
1260 4713 1438 4806 uniuersali
1473 4720 1646 4786 Curverrrrr
1684 4701 1971 4801 Langobardorum

1199 4813 1378 4892 Henricus
1403 4818 1451 4890 ll.
1477 4813 1655 4914 Augustus
1680 4807 1836 4895 sederet,
1861 4799 1916 4875 ait
1934 4797 1972 4876 se

1201 4919 1334 5020 Legem
1361 4917 1508 4993 sanxisse
1527 4917 1775 5014 Episcopum,
1801 4903 1973 4980 Murrbiu·

1201 5045 1300 5106 rrum,
1335 5024 1521 5117 comiteur,
1558 5018 1756 5114 aliumque
1796 5007 1973 5083 mulrmum

1859 5131 1920 5184 st
