<?xml version="1.0" encoding="UTF-8"?>
<!DOCTYPE html PUBLIC "-//W3C//DTD XHTML 1.0 Transitional//EN"
    "http://www.w3.org/TR/xhtml1/DTD/xhtml1-transitional.dtd">
<html xmlns="http://www.w3.org/1999/xhtml" xml:lang="en" lang="en">
 <head>
  <title>
</title>
<meta http-equiv="Content-Type" content="text/html;charset=utf-8" />
  <meta name='ocr-system' content='tesseract 3.04.00' />
  <meta name='ocr-capabilities' content='ocr_page ocr_carea ocr_par ocr_line ocrx_word'/>
</head>
<body>
  <div class='ocr_page' id='page_1' title='image "./antiquitatesita01muragoog_0106.png"; bbox 0 0 4216 6014; ppageno 0'>
   <div class='ocr_carea' id='block_1_1' title="bbox 242 291 381 400">
    <p class='ocr_par' dir='ltr' id='par_1_1' title="bbox 242 291 381 400">
     <span class='ocr_line' id='line_1_1' title="bbox 242 291 381 400; baseline -0.036 -101"><span class='ocrx_word' id='word_1_1' title='bbox 242 294 244 299; x_wconf 18' lang='lat'>1</span> <span class='ocrx_word' id='word_1_2' title='bbox 297 291 381 400; x_wconf 50' lang='lat'>¹85.</span> 
     </span>
    </p>
   </div>
   <div class='ocr_carea' id='block_1_2' title="bbox 645 274 1814 371">
    <p class='ocr_par' dir='ltr' id='par_1_2' title="bbox 645 274 1814 371">
     <span class='ocr_line' id='line_1_2' title="bbox 645 274 1814 371; baseline -0.003 0"><span class='ocrx_word' id='word_1_3' title='bbox 645 278 1014 371; x_wconf 79' lang='lat' dir='ltr'><em>DISSERTATIO</em></span> <span class='ocrx_word' id='word_1_4' title='bbox 1043 274 1460 370; x_wconf 63' lang='lat' dir='ltr'>»normanum</span> <span class='ocrx_word' id='word_1_5' title='bbox 1724 279 1814 367; x_wconf 70' lang='lat' dir='ltr'>&#39;rao</span> 
     </span>
    </p>
   </div>
   <div class='ocr_carea' id='block_1_3' title="bbox 234 389 1870 502">
    <p class='ocr_par' dir='ltr' id='par_1_3' title="bbox 234 389 1870 502">
     <span class='ocr_line' id='line_1_3' title="bbox 234 389 1870 502; baseline -0.005 -26"><span class='ocrx_word' id='word_1_6' title='bbox 234 398 299 476; x_wconf 83' lang='lat' dir='ltr'>fari</span> <span class='ocrx_word' id='word_1_7' title='bbox 326 402 410 477; x_wconf 88' lang='lat' dir='ltr'><strong>Lib.</strong></span> <span class='ocrx_word' id='word_1_8' title='bbox 436 425 473 502; x_wconf 79' lang='lat'>9.</span> <span class='ocrx_word' id='word_1_9' title='bbox 498 403 622 477; x_wconf 76' lang='lat' dir='ltr'>‘sorno</span> <span class='ocrx_word' id='word_1_10' title='bbox 647 405 713 476; x_wconf 80' lang='lat' dir='ltr'>vt.</span> <span class='ocrx_word' id='word_1_11' title='bbox 740 407 820 477; x_wconf 87' lang='lat' dir='ltr'>Rer.</span> <span class='ocrx_word' id='word_1_12' title='bbox 848 398 992 476; x_wconf 88' lang='lat' dir='ltr'>Italica·</span> <span class='ocrx_word' id='word_1_13' title='bbox 1034 401 1068 472; x_wconf 80' lang='grc' dir='ltr'><strong>Α</strong></span> <span class='ocrx_word' id='word_1_14' title='bbox 1108 394 1309 496; x_wconf 80' lang='lat' dir='ltr'>rigidosque</span> <span class='ocrx_word' id='word_1_15' title='bbox 1323 397 1524 473; x_wconf 71' lang='lat' dir='ltr'>exaltores.</span> <span class='ocrx_word' id='word_1_16' title='bbox 1539 389 1681 490; x_wconf 77' lang='lat' dir='ltr'><strong>Quibus</strong></span> <span class='ocrx_word' id='word_1_17' title='bbox 1695 413 1814 468; x_wconf 88' lang='lat' dir='ltr'>autern</span> <span class='ocrx_word' id='word_1_18' title='bbox 1828 419 1870 468; x_wconf 92' lang='lat' dir='ltr'>o·</span> 
     </span>
    </p>
   </div>
   <div class='ocr_carea' id='block_1_4' title="bbox 229 501 996 1309">
    <p class='ocr_par' dir='ltr' id='par_1_4' title="bbox 229 501 996 1309">
     <span class='ocr_line' id='line_1_4' title="bbox 231 501 993 578; baseline -0.007 -1"><span class='ocrx_word' id='word_1_19' title='bbox 231 528 310 577; x_wconf 85' lang='lat' dir='ltr'>tum</span> <span class='ocrx_word' id='word_1_20' title='bbox 347 501 404 576; x_wconf 79' lang='lat' dir='ltr'>lais</span> <span class='ocrx_word' id='word_1_21' title='bbox 439 504 584 578; x_wconf 80' lang='lat' dir='ltr'>verbis:</span> <span class='ocrx_word' id='word_1_22' title='bbox 621 510 719 576; x_wconf 86' lang='lat' dir='ltr'>Porro</span> <span class='ocrx_word' id='word_1_23' title='bbox 753 512 827 578; x_wconf 79' lang='lat' dir='ltr'>Rea</span> <span class='ocrx_word' id='word_1_24' title='bbox 859 501 993 576; x_wconf 77' lang='lat' dir='ltr'><em>Carolus</em></span> 
     </span>
     <span class='ocr_line' id='line_1_5' title="bbox 232 603 992 700; baseline -0.001 -26"><span class='ocrx_word' id='word_1_25' title='bbox 232 604 404 700; x_wconf 70' lang='lat' dir='ltr'>naufragio</span> <span class='ocrx_word' id='word_1_26' title='bbox 437 603 575 697; x_wconf 71' lang='lat' dir='ltr'>csflillis</span> <span class='ocrx_word' id='word_1_27' title='bbox 608 604 816 699; x_wconf 70' lang='lat' dir='ltr'>asflillionam</span> <span class='ocrx_word' id='word_1_28' title='bbox 851 630 992 678; x_wconf 72' lang='lat' dir='ltr'>accumu-</span> 
     </span>
     <span class='ocr_line' id='line_1_6' title="bbox 232 702 996 802; baseline 0 -28"><span class='ocrx_word' id='word_1_29' title='bbox 232 703 336 795; x_wconf 85' lang='lat' dir='ltr'>lans,</span> <span class='ocrx_word' id='word_1_30' title='bbox 366 703 492 789; x_wconf 80' lang='lat' dir='ltr'>extorlit</span> <span class='ocrx_word' id='word_1_31' title='bbox 524 703 568 778; x_wconf 88' lang='lat' dir='ltr'>ab</span> <span class='ocrx_word' id='word_1_32' title='bbox 593 702 738 778; x_wconf 79' lang='lat' dir='ltr'>omuibus</span> <span class='ocrx_word' id='word_1_33' title='bbox 772 706 928 802; x_wconf 80' lang='lat' dir='ltr'>quidquid</span> <span class='ocrx_word' id='word_1_34' title='bbox 958 731 996 775; x_wconf 83' lang='lat' dir='ltr'>err</span> 
     </span>
     <span class='ocr_line' id='line_1_7' title="bbox 231 803 996 905; baseline 0.004 -29"><span class='ocrx_word' id='word_1_35' title='bbox 231 803 320 877; x_wconf 71' lang='lat' dir='ltr'><em>aiolo</em></span> <span class='ocrx_word' id='word_1_36' title='bbox 341 804 461 893; x_wconf 69' lang='lat' dir='ltr'>eallitit</span> <span class='ocrx_word' id='word_1_37' title='bbox 483 807 652 903; x_wconf 70' lang='lat' dir='ltr'>naufragio</span> <span class='ocrx_word' id='word_1_38' title='bbox 673 828 903 905; x_wconf 79' lang='lat' dir='ltr'>recuperatum,</span> <span class='ocrx_word' id='word_1_39' title='bbox 931 807 996 902; x_wconf 79' lang='lat' dir='ltr'>poll</span> 
     </span>
     <span class='ocr_line' id='line_1_8' title="bbox 233 903 994 1005; baseline 0.003 -31"><span class='ocrx_word' id='word_1_40' title='bbox 233 903 376 976; x_wconf 82' lang='lat' dir='ltr'>triduam</span> <span class='ocrx_word' id='word_1_41' title='bbox 410 906 536 995; x_wconf 78' lang='lat' dir='ltr'>dicens,</span> <span class='ocrx_word' id='word_1_42' title='bbox 569 911 652 1003; x_wconf 82' lang='lat' dir='ltr'>quod</span> <span class='ocrx_word' id='word_1_43' title='bbox 678 936 716 979; x_wconf 85' lang='lat' dir='ltr'>ax</span> <span class='ocrx_word' id='word_1_44' title='bbox 741 909 844 1005; x_wconf 85' lang='lat' dir='ltr'>Regis</span> <span class='ocrx_word' id='word_1_45' title='bbox 868 907 994 979; x_wconf 84' lang='lat' dir='ltr'>Gurlel-</span> 
     </span>
     <span class='ocr_line' id='line_1_9' title="bbox 233 1005 994 1105; baseline 0.001 -30"><span class='ocrx_word' id='word_1_46' title='bbox 233 1006 280 1075; x_wconf 89' lang='lat' dir='ltr'>mi</span> <span class='ocrx_word' id='word_1_47' title='bbox 304 1005 518 1092; x_wconf 73' lang='lat' dir='ltr'>constitutione</span> <span class='ocrx_word' id='word_1_48' title='bbox 548 1005 596 1088; x_wconf 58' lang='grc' dir='ltr'>(φ</span> <span class='ocrx_word' id='word_1_49' title='bbox 622 1010 718 1105; x_wconf 82' lang='lat' dir='ltr'><em>longa</em></span> <span class='ocrx_word' id='word_1_50' title='bbox 750 1008 994 1101; x_wconf 82' lang='lat' dir='ltr'>consuetudine,</span> 
     </span>
     <span class='ocr_line' id='line_1_10' title="bbox 234 1106 994 1206; baseline 0 -28"><span class='ocrx_word' id='word_1_51' title='bbox 234 1106 288 1178; x_wconf 79' lang='lat' dir='ltr'>boc</span> <span class='ocrx_word' id='word_1_52' title='bbox 312 1110 444 1180; x_wconf 77' lang='lat' dir='ltr'>delebat</span> <span class='ocrx_word' id='word_1_53' title='bbox 470 1107 543 1199; x_wconf 84' lang='lat' dir='ltr'>suis</span> <span class='ocrx_word' id='word_1_54' title='bbox 563 1109 695 1195; x_wconf 76' lang='lat' dir='ltr'>scrineis</span> <span class='ocrx_word' id='word_1_55' title='bbox 719 1111 876 1206; x_wconf 84' lang='lat' dir='ltr'>applicari</span> <span class='ocrx_word' id='word_1_56' title='bbox 888 1133 905 1185; x_wconf 72' lang='lat' dir='ltr'>t</span> <span class='ocrx_word' id='word_1_57' title='bbox 938 1111 994 1179; x_wconf 78' lang='lat' dir='ltr'>de-</span> 
     </span>
     <span class='ocr_line' id='line_1_11' title="bbox 229 1205 995 1309; baseline 0.003 -33"><span class='ocrx_word' id='word_1_58' title='bbox 229 1205 383 1297; x_wconf 67' lang='lat' dir='ltr'>fensiones</span> <span class='ocrx_word' id='word_1_59' title='bbox 401 1209 642 1300; x_wconf 76' lang='lat' dir='ltr'>sanumstum,</span> <span class='ocrx_word' id='word_1_60' title='bbox 677 1211 889 1309; x_wconf 74' lang='lat' dir='ltr'><em>allegantium</em></span> <span class='ocrx_word' id='word_1_61' title='bbox 924 1235 995 1280; x_wconf 87' lang='lat' dir='ltr'>corr·</span> 
     </span>
    </p>
   </div>
   <div class='ocr_carea' id='block_1_5' title="bbox 1109 497 1872 1296">
    <p class='ocr_par' dir='ltr' id='par_1_5' title="bbox 1109 497 1872 1296">
     <span class='ocr_line' id='line_1_12' title="bbox 1110 497 1871 598; baseline 0 -28"><span class='ocrx_word' id='word_1_62' title='bbox 1110 498 1250 570; x_wconf 87' lang='lat' dir='ltr'>neribus</span> <span class='ocrx_word' id='word_1_63' title='bbox 1266 525 1357 573; x_wconf 87' lang='lat' dir='ltr'>nunc</span> <span class='ocrx_word' id='word_1_64' title='bbox 1375 497 1501 598; x_wconf 83' lang='lat' dir='ltr'>Populi</span> <span class='ocrx_word' id='word_1_65' title='bbox 1518 517 1729 598; x_wconf 80' lang='lat' dir='ltr'><strong>graventur,</strong></span> <span class='ocrx_word' id='word_1_66' title='bbox 1751 521 1871 570; x_wconf 85' lang='lat' dir='ltr'>meum</span> 
     </span>
     <span class='ocr_line' id='line_1_13' title="bbox 1110 596 1871 697; baseline -0.001 -25"><span class='ocrx_word' id='word_1_67' title='bbox 1110 596 1316 697; x_wconf 84' lang='lat' dir='ltr'>investigare</span> <span class='ocrx_word' id='word_1_68' title='bbox 1353 624 1425 672; x_wconf 89' lang='lat' dir='ltr'>non</span> <span class='ocrx_word' id='word_1_69' title='bbox 1460 599 1530 673; x_wconf 87' lang='lat' dir='ltr'>est.</span> <span class='ocrx_word' id='word_1_70' title='bbox 1569 599 1634 673; x_wconf 87' lang='lat' dir='ltr'>Sed</span> <span class='ocrx_word' id='word_1_71' title='bbox 1669 597 1751 672; x_wconf 88' lang='lat' dir='ltr'>dum</span> <span class='ocrx_word' id='word_1_72' title='bbox 1789 597 1871 695; x_wconf 89' lang='lat' dir='ltr'>qui-</span> 
     </span>
     <span class='ocr_line' id='line_1_14' title="bbox 1110 697 1869 797; baseline 0.003 -27"><span class='ocrx_word' id='word_1_73' title='bbox 1110 697 1191 797; x_wconf 90' lang='lat' dir='ltr'>sque</span> <span class='ocrx_word' id='word_1_74' title='bbox 1220 699 1359 797; x_wconf 91' lang='lat' dir='ltr'>propria</span> <span class='ocrx_word' id='word_1_75' title='bbox 1386 697 1519 789; x_wconf 78' lang='lat' dir='ltr'>sentit,</span> <span class='ocrx_word' id='word_1_76' title='bbox 1548 699 1665 774; x_wconf 85' lang='lat' dir='ltr'>alicua</span> <span class='ocrx_word' id='word_1_77' title='bbox 1691 704 1801 789; x_wconf 78' lang='lat' dir='ltr'>verb,</span> <span class='ocrx_word' id='word_1_78' title='bbox 1830 725 1869 773; x_wconf 92' lang='lat' dir='ltr'>ac</span> 
     </span>
     <span class='ocr_line' id='line_1_15' title="bbox 1111 798 1872 899; baseline 0.003 -27"><span class='ocrx_word' id='word_1_79' title='bbox 1111 799 1294 898; x_wconf 85' lang='lat' dir='ltr'>praecipue</span> <span class='ocrx_word' id='word_1_80' title='bbox 1319 819 1438 875; x_wconf 86' lang='lat' dir='ltr'>vetera</span> <span class='ocrx_word' id='word_1_81' title='bbox 1464 800 1633 899; x_wconf 78' lang='lat' dir='ltr'>ignorat,</span> <span class='ocrx_word' id='word_1_82' title='bbox 1665 801 1704 875; x_wconf 90' lang='lat' dir='ltr'>in</span> <span class='ocrx_word' id='word_1_83' title='bbox 1735 799 1792 875; x_wconf 89' lang='lat' dir='ltr'>sua</span> <span class='ocrx_word' id='word_1_84' title='bbox 1818 798 1872 874; x_wconf 84' lang='lat' dir='ltr'>fa·</span> 
     </span>
     <span class='ocr_line' id='line_1_16' title="bbox 1111 899 1870 1000; baseline 0.001 -27"><span class='ocrx_word' id='word_1_85' title='bbox 1111 900 1179 974; x_wconf 88' lang='lat' dir='ltr'>cile</span> <span class='ocrx_word' id='word_1_86' title='bbox 1206 919 1365 1000; x_wconf 89' lang='lat' dir='ltr'>tempora</span> <span class='ocrx_word' id='word_1_87' title='bbox 1392 899 1598 982; x_wconf 83' lang='lat' dir='ltr'>invehitur,</span> <span class='ocrx_word' id='word_1_88' title='bbox 1624 927 1665 975; x_wconf 87' lang='lat' dir='ltr'>ac</span> <span class='ocrx_word' id='word_1_89' title='bbox 1691 901 1870 976; x_wconf 89' lang='lat' dir='ltr'>Mundum</span> 
     </span>
     <span class='ocr_line' id='line_1_17' title="bbox 1109 999 1871 1077; baseline 0.003 -4"><span class='ocrx_word' id='word_1_90' title='bbox 1109 1000 1148 1074; x_wconf 91' lang='lat' dir='ltr'>in</span> <span class='ocrx_word' id='word_1_91' title='bbox 1175 1002 1349 1077; x_wconf 80' lang='lat' dir='ltr'>deteriora</span> <span class='ocrx_word' id='word_1_92' title='bbox 1375 1027 1474 1077; x_wconf 87' lang='lat' dir='ltr'>ruere</span> <span class='ocrx_word' id='word_1_93' title='bbox 1500 999 1542 1075; x_wconf 86' lang='lat' dir='ltr'>ad</span> <span class='ocrx_word' id='word_1_94' title='bbox 1570 1001 1675 1076; x_wconf 91' lang='lat' dir='ltr'>iuaoe</span> <span class='ocrx_word' id='word_1_95' title='bbox 1701 1001 1752 1075; x_wconf 82' lang='lat' dir='ltr'>sui</span> <span class='ocrx_word' id='word_1_96' title='bbox 1780 1002 1871 1075; x_wconf 85' lang='lat' dir='ltr'>iola·</span> 
     </span>
     <span class='ocr_line' id='line_1_18' title="bbox 1111 1100 1872 1203; baseline 0.001 -28"><span class='ocrx_word' id='word_1_97' title='bbox 1111 1104 1200 1176; x_wconf 88' lang='lat' dir='ltr'>tium</span> <span class='ocrx_word' id='word_1_98' title='bbox 1231 1102 1417 1178; x_wconf 86' lang='lat' dir='ltr'>clamitat.</span> <span class='ocrx_word' id='word_1_99' title='bbox 1453 1108 1677 1203; x_wconf 83' lang='lat' dir='ltr'>Argumento</span> <span class='ocrx_word' id='word_1_100' title='bbox 1712 1100 1795 1176; x_wconf 89' lang='lat' dir='ltr'>huic</span> <span class='ocrx_word' id='word_1_101' title='bbox 1827 1101 1872 1176; x_wconf 87' lang='lat' dir='ltr'>fi·</span> 
     </span>
     <span class='ocr_line' id='line_1_19' title="bbox 1110 1201 1869 1296; baseline -0.001 -21"><span class='ocrx_word' id='word_1_102' title='bbox 1110 1230 1189 1277; x_wconf 88' lang='lat' dir='ltr'>nem</span> <span class='ocrx_word' id='word_1_103' title='bbox 1216 1202 1367 1296; x_wconf 84' lang='lat' dir='ltr'>faciam,</span> <span class='ocrx_word' id='word_1_104' title='bbox 1396 1230 1505 1280; x_wconf 88' lang='lat' dir='ltr'>uuum</span> <span class='ocrx_word' id='word_1_105' title='bbox 1532 1203 1781 1278; x_wconf 89' lang='lat' dir='ltr'>tantummodo</span> <span class='ocrx_word' id='word_1_106' title='bbox 1808 1201 1869 1274; x_wconf 90' lang='lat' dir='ltr'>ad-</span> 
     </span>
    </p>
   </div>
   <div class='ocr_carea' id='block_1_6' title="bbox 232 1303 1907 1424">
    <p class='ocr_par' dir='ltr' id='par_1_6' title="bbox 232 1303 1907 1424">
     <span class='ocr_line' id='line_1_20' title="bbox 232 1303 1907 1424; baseline -0.001 -46"><span class='ocrx_word' id='word_1_107' title='bbox 232 1309 411 1379; x_wconf 75' lang='lat' dir='ltr'>versionem</span> <span class='ocrx_word' id='word_1_108' title='bbox 445 1337 513 1382; x_wconf 86' lang='lat' dir='ltr'>cum</span> <span class='ocrx_word' id='word_1_109' title='bbox 548 1309 613 1407; x_wconf 79' lang='lat' dir='ltr'>ipso</span> <span class='ocrx_word' id='word_1_110' title='bbox 649 1312 787 1400; x_wconf 79' lang='lat' dir='ltr'>irritam,</span> <span class='ocrx_word' id='word_1_111' title='bbox 819 1331 996 1406; x_wconf 80' lang='lat' dir='ltr'>perquam</span> <span class='ocrx_word' id='word_1_112' title='bbox 1035 1307 1065 1378; x_wconf 93' lang='lat' dir='ltr'>B</span> <span class='ocrx_word' id='word_1_113' title='bbox 1109 1305 1249 1391; x_wconf 89' lang='lat' dir='ltr'>dendo,</span> <span class='ocrx_word' id='word_1_114' title='bbox 1272 1306 1379 1424; x_wconf 30' lang='lat' dir='ltr'>’quod</span> <span class='ocrx_word' id='word_1_115' title='bbox 1416 1304 1593 1406; x_wconf 87' lang='lat' dir='ltr'>imperitis</span> <span class='ocrx_word' id='word_1_116' title='bbox 1628 1303 1794 1402; x_wconf 79' lang='lat' dir='ltr'>antiquae</span> <span class='ocrx_word' id='word_1_117' title='bbox 1820 1306 1870 1376; x_wconf 72' lang='lat' dir='ltr'>E-</span> <span class='ocrx_word' id='word_1_118' title='bbox 1899 1387 1907 1412; x_wconf 30' lang='lat' dir='ltr'>x</span> 
     </span>
    </p>
   </div>
   <div class='ocr_carea' id='block_1_7' title="bbox 168 1407 997 2195">
    <p class='ocr_par' dir='ltr' id='par_1_7' title="bbox 168 1407 997 2195">
     <span class='ocr_line' id='line_1_21' title="bbox 227 1407 997 1509; baseline 0.004 -32"><span class='ocrx_word' id='word_1_119' title='bbox 227 1407 306 1500; x_wconf 74' lang='lat' dir='ltr'>scari</span> <span class='ocrx_word' id='word_1_120' title='bbox 335 1410 380 1480; x_wconf 67' lang='grc' dir='ltr'><em>θ</em></span> <span class='ocrx_word' id='word_1_121' title='bbox 414 1412 567 1505; x_wconf 72' lang='lat' dir='ltr'>naufragi</span> <span class='ocrx_word' id='word_1_122' title='bbox 602 1412 637 1482; x_wconf 85' lang='lat' dir='ltr'>irr</span> <span class='ocrx_word' id='word_1_123' title='bbox 669 1412 810 1509; x_wconf 83' lang='lat' dir='ltr'>personis</span> <span class='ocrx_word' id='word_1_124' title='bbox 836 1412 882 1482; x_wconf 60' lang='grc' dir='ltr'>(θ’</span> <span class='ocrx_word' id='word_1_125' title='bbox 907 1412 997 1480; x_wconf 81' lang='lat' dir='ltr'>rebus</span> 
     </span>
     <span class='ocr_line' id='line_1_22' title="bbox 226 1506 996 1609; baseline 0.004 -29"><span class='ocrx_word' id='word_1_126' title='bbox 226 1506 330 1600; x_wconf 83' lang='lat' dir='ltr'>securi</span> <span class='ocrx_word' id='word_1_127' title='bbox 363 1511 397 1583; x_wconf 85' lang='lat' dir='ltr'>in</span> <span class='ocrx_word' id='word_1_128' title='bbox 426 1511 495 1606; x_wconf 77' lang='lat' dir='ltr'><em>salo</em></span> <span class='ocrx_word' id='word_1_129' title='bbox 522 1520 634 1609; x_wconf 83' lang='lat' dir='ltr'>Regno</span> <span class='ocrx_word' id='word_1_130' title='bbox 669 1512 779 1585; x_wconf 82' lang='lat' dir='ltr'>baberi</span> <span class='ocrx_word' id='word_1_131' title='bbox 811 1509 996 1601; x_wconf 82' lang='lat' dir='ltr'>debebant,</span> 
     </span>
     <span class='ocr_line' id='line_1_23' title="bbox 230 1611 995 1712; baseline 0.004 -30"><span class='ocrx_word' id='word_1_132' title='bbox 230 1611 359 1708; x_wconf 77' lang='lat' dir='ltr'>penitas</span> <span class='ocrx_word' id='word_1_133' title='bbox 384 1638 446 1684; x_wconf 84' lang='lat' dir='ltr'><em>rrorr</em></span> <span class='ocrx_word' id='word_1_134' title='bbox 472 1614 667 1686; x_wconf 78' lang='lat' dir='ltr'>admittens.</span> <span class='ocrx_word' id='word_1_135' title='bbox 701 1617 750 1687; x_wconf 83' lang='lat' dir='ltr'>Et</span> <span class='ocrx_word' id='word_1_136' title='bbox 776 1639 884 1712; x_wconf 91' lang='lat' dir='ltr'>pauca</span> <span class='ocrx_word' id='word_1_137' title='bbox 911 1611 995 1685; x_wconf 86' lang='lat' dir='ltr'>haee</span> 
     </span>
     <span class='ocr_line' id='line_1_24' title="bbox 233 1707 994 1815; baseline 0.001 -31"><span class='ocrx_word' id='word_1_138' title='bbox 233 1707 411 1787; x_wconf 84' lang='lat' dir='ltr'>sufficiant</span> <span class='ocrx_word' id='word_1_139' title='bbox 434 1714 476 1786; x_wconf 92' lang='lat' dir='ltr'>de</span> <span class='ocrx_word' id='word_1_140' title='bbox 500 1714 665 1788; x_wconf 87' lang='lat' dir='ltr'>Triburis</span> <span class='ocrx_word' id='word_1_141' title='bbox 688 1715 723 1787; x_wconf 78' lang='grc' dir='ltr'>δι</span> <span class='ocrx_word' id='word_1_142' title='bbox 749 1713 994 1815; x_wconf 64' lang='grc' dir='ltr'>νοᾶἰςαὶἰδυε</span> 
     </span>
     <span class='ocr_line' id='line_1_25' title="bbox 168 1807 993 1910; baseline 0.005 -28"><span class='ocrx_word' id='word_1_143' title='bbox 168 1807 176 1823; x_wconf 82' lang='grc'><strong><em>’</em></strong></span> <span class='ocrx_word' id='word_1_144' title='bbox 233 1809 409 1885; x_wconf 86' lang='lat' dir='ltr'>barbarici</span> <span class='ocrx_word' id='word_1_145' title='bbox 436 1813 541 1896; x_wconf 86' lang='lat' dir='ltr'>aevi,</span> <span class='ocrx_word' id='word_1_146' title='bbox 576 1841 665 1910; x_wconf 83' lang='lat' dir='ltr'>quae</span> <span class='ocrx_word' id='word_1_147' title='bbox 691 1816 813 1889; x_wconf 89' lang='lat' dir='ltr'>omnia</span> <span class='ocrx_word' id='word_1_148' title='bbox 848 1840 904 1887; x_wconf 89' lang='lat' dir='ltr'>me</span> <span class='ocrx_word' id='word_1_149' title='bbox 932 1841 993 1887; x_wconf 88' lang='lat' dir='ltr'>ne·</span> 
     </span>
     <span class='ocr_line' id='line_1_26' title="bbox 234 1913 995 2008; baseline 0.005 -25"><span class='ocrx_word' id='word_1_150' title='bbox 234 1936 411 2008; x_wconf 84' lang='lat' dir='ltr'>quaquam</span> <span class='ocrx_word' id='word_1_151' title='bbox 451 1916 663 1988; x_wconf 69' lang='lat' dir='ltr'>enumerasse</span> <span class='ocrx_word' id='word_1_152' title='bbox 704 1941 769 2007; x_wconf 91' lang='lat' dir='ltr'>pro</span> <span class='ocrx_word' id='word_1_153' title='bbox 803 1934 901 1988; x_wconf 87' lang='lat' dir='ltr'>certo</span> <span class='ocrx_word' id='word_1_154' title='bbox 932 1913 995 1987; x_wconf 88' lang='lat' dir='ltr'>ha·</span> 
     </span>
     <span class='ocr_line' id='line_1_27' title="bbox 235 2012 996 2114; baseline 0.001 -29"><span class='ocrx_word' id='word_1_155' title='bbox 235 2012 327 2085; x_wconf 90' lang='lat' dir='ltr'>beo.</span> <span class='ocrx_word' id='word_1_156' title='bbox 360 2015 472 2087; x_wconf 72' lang='lat' dir='ltr'>vHunc</span> <span class='ocrx_word' id='word_1_157' title='bbox 508 2013 617 2088; x_wconf 87' lang='lat' dir='ltr'>etiam</span> <span class='ocrx_word' id='word_1_158' title='bbox 654 2040 816 2114; x_wconf 88' lang='lat' dir='ltr'>campum</span> <span class='ocrx_word' id='word_1_159' title='bbox 852 2013 996 2089; x_wconf 84' lang='lat' dir='ltr'>foecun-</span> 
     </span>
     <span class='ocr_line' id='line_1_28' title="bbox 234 2109 994 2195; baseline 0.004 -11"><span class='ocrx_word' id='word_1_160' title='bbox 234 2109 413 2187; x_wconf 85' lang='lat' dir='ltr'>diffimum</span> <span class='ocrx_word' id='word_1_161' title='bbox 434 2113 576 2189; x_wconf 86' lang='lat' dir='ltr'>effecere</span> <span class='ocrx_word' id='word_1_162' title='bbox 597 2116 769 2189; x_wconf 89' lang='lat' dir='ltr'>bellorum</span> <span class='ocrx_word' id='word_1_163' title='bbox 794 2113 994 2195; x_wconf 85' lang='lat' dir='ltr'>ueceffiras‚</span> 
     </span>
    </p>
   </div>
   <div class='ocr_carea' id='block_1_8' title="bbox 1107 1404 1870 1988">
    <p class='ocr_par' dir='ltr' id='par_1_8' title="bbox 1107 1404 1870 1988">
     <span class='ocr_line' id='line_1_29' title="bbox 1110 1404 1870 1497; baseline 0.003 -21"><span class='ocrx_word' id='word_1_164' title='bbox 1110 1404 1301 1479; x_wconf 89' lang='lat' dir='ltr'>ruditionrs</span> <span class='ocrx_word' id='word_1_165' title='bbox 1337 1405 1468 1481; x_wconf 87' lang='lat' dir='ltr'>mirum</span> <span class='ocrx_word' id='word_1_166' title='bbox 1503 1406 1697 1497; x_wconf 81' lang='lat' dir='ltr'>rideatur,</span> <span class='ocrx_word' id='word_1_167' title='bbox 1733 1424 1870 1480; x_wconf 84' lang='lat' dir='ltr'>certum</span> 
     </span>
     <span class='ocr_line' id='line_1_30' title="bbox 1109 1506 1869 1606; baseline 0.001 -27"><span class='ocrx_word' id='word_1_168' title='bbox 1109 1526 1228 1580; x_wconf 90' lang='lat' dir='ltr'>tamen</span> <span class='ocrx_word' id='word_1_169' title='bbox 1255 1506 1422 1582; x_wconf 87' lang='lat' dir='ltr'>habemus</span> <span class='ocrx_word' id='word_1_170' title='bbox 1448 1534 1468 1581; x_wconf 88' lang='lat' dir='ltr'>a</span> <span class='ocrx_word' id='word_1_171' title='bbox 1495 1507 1683 1588; x_wconf 82' lang='lat' dir='ltr'>Salviano,</span> <span class='ocrx_word' id='word_1_172' title='bbox 1709 1507 1869 1606; x_wconf 85' lang='lat' dir='ltr'>locuple-</span> 
     </span>
     <span class='ocr_line' id='line_1_31' title="bbox 1109 1605 1869 1684; baseline 0.003 -5"><span class='ocrx_word' id='word_1_173' title='bbox 1109 1605 1244 1681; x_wconf 84' lang='lat' dir='ltr'>tiffimo</span> <span class='ocrx_word' id='word_1_174' title='bbox 1279 1607 1361 1684; x_wconf 82' lang='lat' dir='ltr'>teste</span> <span class='ocrx_word' id='word_1_175' title='bbox 1397 1607 1512 1683; x_wconf 87' lang='lat' dir='ltr'>Seculi</span> <span class='ocrx_word' id='word_1_176' title='bbox 1550 1635 1570 1682; x_wconf 91' lang='lat' dir='ltr'>a</span> <span class='ocrx_word' id='word_1_177' title='bbox 1607 1606 1748 1684; x_wconf 83' lang='lat' dir='ltr'>Christo</span> <span class='ocrx_word' id='word_1_178' title='bbox 1783 1625 1869 1681; x_wconf 88' lang='lat' dir='ltr'>nato</span> 
     </span>
     <span class='ocr_line' id='line_1_32' title="bbox 1108 1708 1868 1803; baseline 0.009 -22"><span class='ocrx_word' id='word_1_179' title='bbox 1108 1708 1286 1803; x_wconf 68' lang='lat' dir='ltr'>Quiriti.</span> <span class='ocrx_word' id='word_1_180' title='bbox 1324 1714 1401 1785; x_wconf 84' lang='lat' dir='ltr'>Nos</span> <span class='ocrx_word' id='word_1_181' title='bbox 1437 1710 1615 1784; x_wconf 81' lang='lat' dir='ltr'>horremus</span> <span class='ocrx_word' id='word_1_182' title='bbox 1643 1709 1868 1788; x_wconf 73' lang='lat' dir='ltr'>Gothorum»</span> 
     </span>
     <span class='ocr_line' id='line_1_33' title="bbox 1109 1810 1868 1913; baseline -0.001 -29"><span class='ocrx_word' id='word_1_183' title='bbox 1109 1814 1351 1894; x_wconf 85' lang='lat' dir='ltr'>Hunnorum,</span> <span class='ocrx_word' id='word_1_184' title='bbox 1391 1810 1704 1913; x_wconf 80' lang='lat' dir='ltr'>Langobardorum</span> <span class='ocrx_word' id='word_1_185' title='bbox 1749 1810 1868 1885; x_wconf 89' lang='lat' dir='ltr'>nomi·</span> 
     </span>
     <span class='ocr_line' id='line_1_34' title="bbox 1107 1909 1867 1988; baseline 0 -4"><span class='ocrx_word' id='word_1_186' title='bbox 1107 1937 1171 1986; x_wconf 87' lang='lat' dir='ltr'>na.</span> <span class='ocrx_word' id='word_1_187' title='bbox 1200 1917 1372 1988; x_wconf 82' lang='lat' dir='ltr'>Attamen</span> <span class='ocrx_word' id='word_1_188' title='bbox 1396 1912 1519 1987; x_wconf 70' lang='lat' dir='ltr'>aubior</span> <span class='ocrx_word' id='word_1_189' title='bbox 1541 1910 1587 1985; x_wconf 84' lang='lat' dir='ltr'>eil</span> <span class='ocrx_word' id='word_1_190' title='bbox 1610 1909 1704 1985; x_wconf 84' lang='lat' dir='ltr'>idern</span> <span class='ocrx_word' id='word_1_191' title='bbox 1731 1910 1867 1985; x_wconf 86' lang='lat' dir='ltr'>Salvia-</span> 
     </span>
    </p>
   </div>
   <div class='ocr_carea' id='block_1_9' title="bbox 1107 2011 1908 2213">
    <p class='ocr_par' dir='ltr' id='par_1_9' title="bbox 1107 2011 1908 2213">
     <span class='ocr_line' id='line_1_35' title="bbox 1107 2011 1868 2103; baseline 0.003 -19"><span class='ocrx_word' id='word_1_192' title='bbox 1107 2037 1171 2087; x_wconf 87' lang='lat' dir='ltr'>nus</span> <span class='ocrx_word' id='word_1_193' title='bbox 1206 2015 1290 2090; x_wconf 89' lang='lat' dir='ltr'>Lib.</span> <span class='ocrx_word' id='word_1_194' title='bbox 1323 2019 1369 2090; x_wconf 87' lang='lat' dir='ltr'>V.</span> <span class='ocrx_word' id='word_1_195' title='bbox 1404 2013 1448 2089; x_wconf 89' lang='lat' dir='ltr'>de</span> <span class='ocrx_word' id='word_1_196' title='bbox 1482 2011 1637 2088; x_wconf 86' lang='lat' dir='ltr'>Gubern.</span> <span class='ocrx_word' id='word_1_197' title='bbox 1674 2012 1775 2103; x_wconf 88' lang='lat' dir='ltr'>Dei,</span> <span class='ocrx_word' id='word_1_198' title='bbox 1811 2028 1868 2086; x_wconf 85' lang='lat' dir='ltr'>tot</span> 
     </span>
     <span class='ocr_line' id='line_1_36' title="bbox 1107 2111 1908 2213; baseline 0.001 -27"><span class='ocrx_word' id='word_1_199' title='bbox 1107 2112 1272 2188; x_wconf 87' lang='lat' dir='ltr'>Tributis</span> <span class='ocrx_word' id='word_1_200' title='bbox 1300 2144 1347 2190; x_wconf 85' lang='lat' dir='ltr'>ac</span> <span class='ocrx_word' id='word_1_201' title='bbox 1373 2115 1539 2190; x_wconf 84' lang='lat' dir='ltr'>oneribus</span> <span class='ocrx_word' id='word_1_202' title='bbox 1574 2139 1662 2189; x_wconf 86' lang='lat' dir='ltr'>aevo</span> <span class='ocrx_word' id='word_1_203' title='bbox 1691 2111 1753 2188; x_wconf 86' lang='lat' dir='ltr'>sub</span> <span class='ocrx_word' id='word_1_204' title='bbox 1787 2139 1868 2213; x_wconf 85' lang='lat' dir='ltr'>gra·</span> <span class='ocrx_word' id='word_1_205' title='bbox 1904 2194 1908 2199; x_wconf 52' lang='grc'>,</span> 
     </span>
    </p>
   </div>
   <div class='ocr_carea' id='block_1_10' title="bbox 234 2209 1867 2316">
    <p class='ocr_par' dir='ltr' id='par_1_10' title="bbox 234 2209 1867 2316">
     <span class='ocr_line' id='line_1_37' title="bbox 234 2209 1867 2316; baseline 0.004 -29"><span class='ocrx_word' id='word_1_206' title='bbox 234 2209 273 2287; x_wconf 87' lang='lat'>&amp;</span> <span class='ocrx_word' id='word_1_207' title='bbox 321 2212 550 2310; x_wconf 85' lang='lat' dir='ltr'>Reipublicae</span> <span class='ocrx_word' id='word_1_208' title='bbox 595 2215 851 2305; x_wconf 82' lang='lat' dir='ltr'>conservatio,</span> <span class='ocrx_word' id='word_1_209' title='bbox 896 2218 994 2316; x_wconf 86' lang='lat' dir='ltr'>cujus</span> <span class='ocrx_word' id='word_1_210' title='bbox 1033 2213 1066 2287; x_wconf 88' lang='lat' dir='ltr'>G</span> <span class='ocrx_word' id='word_1_211' title='bbox 1106 2233 1208 2289; x_wconf 84' lang='lat' dir='ltr'>vatos</span> <span class='ocrx_word' id='word_1_212' title='bbox 1233 2214 1331 2290; x_wconf 75' lang='lat' dir='ltr'>fuisse</span> <span class='ocrx_word' id='word_1_213' title='bbox 1351 2217 1503 2293; x_wconf 88' lang='lat' dir='ltr'>Romani</span> <span class='ocrx_word' id='word_1_214' title='bbox 1523 2214 1670 2312; x_wconf 89' lang='lat' dir='ltr'>Imperii</span> <span class='ocrx_word' id='word_1_215' title='bbox 1696 2219 1867 2314; x_wconf 73' lang='lat' dir='ltr'>populos&gt;</span> 
     </span>
    </p>
   </div>
   <div class='ocr_carea' id='block_1_11' title="bbox 232 2313 994 3122">
    <p class='ocr_par' dir='ltr' id='par_1_11' title="bbox 232 2313 994 3122">
     <span class='ocr_line' id='line_1_38' title="bbox 232 2313 994 2416; baseline 0.005 -30"><span class='ocrx_word' id='word_1_216' title='bbox 232 2313 334 2386; x_wconf 86' lang='lat' dir='ltr'>nervi</span> <span class='ocrx_word' id='word_1_217' title='bbox 362 2317 442 2388; x_wconf 85' lang='lat' dir='ltr'>lunt</span> <span class='ocrx_word' id='word_1_218' title='bbox 467 2315 603 2415; x_wconf 85' lang='lat' dir='ltr'>publici</span> <span class='ocrx_word' id='word_1_219' title='bbox 630 2317 791 2416; x_wconf 78' lang='lat' dir='ltr'>reditus3</span> <span class='ocrx_word' id='word_1_220' title='bbox 819 2317 927 2402; x_wconf 87' lang='lat' dir='ltr'>adde,</span> <span class='ocrx_word' id='word_1_221' title='bbox 955 2316 994 2390; x_wconf 72' lang='grc' dir='ltr'>ὃ(</span> 
     </span>
     <span class='ocr_line' id='line_1_39' title="bbox 234 2413 993 2515; baseline 0.007 -29"><span class='ocrx_word' id='word_1_222' title='bbox 234 2413 440 2511; x_wconf 86' lang='lat' dir='ltr'>Principum</span> <span class='ocrx_word' id='word_1_223' title='bbox 487 2418 718 2515; x_wconf 85' lang='lat' dir='ltr'>quorumdam</span> <span class='ocrx_word' id='word_1_224' title='bbox 762 2418 914 2491; x_wconf 85' lang='lat' dir='ltr'>ambitio</span> <span class='ocrx_word' id='word_1_225' title='bbox 954 2415 993 2491; x_wconf 76' lang='grc' dir='ltr'>ἀ</span> 
     </span>
     <span class='ocr_line' id='line_1_40' title="bbox 234 2512 993 2615; baseline 0.007 -29"><span class='ocrx_word' id='word_1_226' title='bbox 234 2512 448 2589; x_wconf 85' lang='lat' dir='ltr'>crudelitas.</span> <span class='ocrx_word' id='word_1_227' title='bbox 483 2521 688 2615; x_wconf 90' lang='lat' dir='ltr'>Componat</span> <span class='ocrx_word' id='word_1_228' title='bbox 717 2545 810 2591; x_wconf 85' lang='lat' dir='ltr'>nunc</span> <span class='ocrx_word' id='word_1_229' title='bbox 836 2518 993 2593; x_wconf 88' lang='lat' dir='ltr'>eruditus</span> 
     </span>
     <span class='ocr_line' id='line_1_41' title="bbox 233 2612 994 2716; baseline 0.005 -27"><span class='ocrx_word' id='word_1_230' title='bbox 233 2612 367 2689; x_wconf 74' lang='lat' dir='ltr'>Lelior</span> <span class='ocrx_word' id='word_1_231' title='bbox 389 2616 464 2716; x_wconf 87' lang='lat' dir='ltr'>ejus</span> <span class='ocrx_word' id='word_1_232' title='bbox 488 2621 657 2716; x_wconf 86' lang='lat' dir='ltr'>temporis</span> <span class='ocrx_word' id='word_1_233' title='bbox 681 2646 794 2694; x_wconf 88' lang='lat' dir='ltr'>mores</span> <span class='ocrx_word' id='word_1_234' title='bbox 810 2614 899 2693; x_wconf 35' lang='lat' dir='ltr'>*cum</span> <span class='ocrx_word' id='word_1_235' title='bbox 921 2625 994 2693; x_wconf 89' lang='lat' dir='ltr'>Ro-</span> 
     </span>
     <span class='ocr_line' id='line_1_42' title="bbox 234 2719 992 2804; baseline 0.008 -16"><span class='ocrx_word' id='word_1_236' title='bbox 234 2740 418 2789; x_wconf 87' lang='lat' dir='ltr'>manorum</span> <span class='ocrx_word' id='word_1_237' title='bbox 446 2738 603 2792; x_wconf 83' lang='lat' dir='ltr'>veterum</span> <span class='ocrx_word' id='word_1_238' title='bbox 633 2719 785 2804; x_wconf 90' lang='lat' dir='ltr'>ritibus,</span> <span class='ocrx_word' id='word_1_239' title='bbox 819 2720 932 2794; x_wconf 87' lang='lat' dir='ltr'>immo</span> <span class='ocrx_word' id='word_1_240' title='bbox 957 2723 992 2794; x_wconf 76' lang='grc' dir='ltr'>δι</span> 
     </span>
     <span class='ocr_line' id='line_1_43' title="bbox 233 2815 993 2920; baseline 0.011 -33"><span class='ocrx_word' id='word_1_241' title='bbox 233 2841 313 2889; x_wconf 89' lang='lat' dir='ltr'>cum</span> <span class='ocrx_word' id='word_1_242' title='bbox 343 2815 485 2893; x_wconf 75' lang='lat' dir='ltr'>nostris:</span> <span class='ocrx_word' id='word_1_243' title='bbox 515 2838 590 2894; x_wconf 85' lang='lat' dir='ltr'>tum</span> <span class='ocrx_word' id='word_1_244' title='bbox 617 2822 719 2896; x_wconf 86' lang='lat' dir='ltr'>rebus</span> <span class='ocrx_word' id='word_1_245' title='bbox 746 2824 832 2896; x_wconf 92' lang='lat' dir='ltr'>beue</span> <span class='ocrx_word' id='word_1_246' title='bbox 859 2821 993 2920; x_wconf 90' lang='lat' dir='ltr'>perspe-</span> 
     </span>
     <span class='ocr_line' id='line_1_44' title="bbox 233 2915 994 3022; baseline 0.009 -32"><span class='ocrx_word' id='word_1_247' title='bbox 233 2915 301 2990; x_wconf 68' lang='lat' dir='ltr'>otis</span> <span class='ocrx_word' id='word_1_248' title='bbox 328 2915 481 3006; x_wconf 82' lang='lat' dir='ltr'>statuat,</span> <span class='ocrx_word' id='word_1_249' title='bbox 517 2922 719 2997; x_wconf 85' lang='lat' dir='ltr'>minora-nc</span> <span class='ocrx_word' id='word_1_250' title='bbox 754 2949 799 2995; x_wconf 92' lang='lat' dir='ltr'>an</span> <span class='ocrx_word' id='word_1_251' title='bbox 831 2924 994 3022; x_wconf 81' lang='lat' dir='ltr'>graviora</span> 
     </span>
     <span class='ocr_line' id='line_1_45' title="bbox 232 3016 994 3122; baseline 0.009 -32"><span class='ocrx_word' id='word_1_252' title='bbox 232 3016 322 3090; x_wconf 86' lang='lat' dir='ltr'>olim</span> <span class='ocrx_word' id='word_1_253' title='bbox 352 3016 485 3094; x_wconf 84' lang='lat' dir='ltr'>fuerint</span> <span class='ocrx_word' id='word_1_254' title='bbox 521 3023 662 3122; x_wconf 86' lang='lat' dir='ltr'>publica</span> <span class='ocrx_word' id='word_1_255' title='bbox 691 3050 823 3097; x_wconf 88' lang='lat' dir='ltr'>onera.</span> <span class='ocrx_word' id='word_1_256' title='bbox 859 3025 994 3118; x_wconf 80' lang='lat' dir='ltr'>Explo-</span> 
     </span>
    </p>
   </div>
   <div class='ocr_carea' id='block_1_12' title="bbox 1097 2312 1867 3122">
    <p class='ocr_par' dir='ltr' id='par_1_12' title="bbox 1097 2312 1867 3122">
     <span class='ocr_line' id='line_1_46' title="bbox 1107 2312 1867 2418; baseline 0 -28"><span class='ocrx_word' id='word_1_257' title='bbox 1107 2336 1147 2390; x_wconf 94' lang='lat' dir='ltr'>ut</span> <span class='ocrx_word' id='word_1_258' title='bbox 1173 2317 1224 2391; x_wconf 90' lang='lat' dir='ltr'>eis</span> <span class='ocrx_word' id='word_1_259' title='bbox 1260 2319 1366 2418; x_wconf 86' lang='lat' dir='ltr'>longe</span> <span class='ocrx_word' id='word_1_260' title='bbox 1402 2317 1530 2392; x_wconf 85' lang='lat' dir='ltr'>melius</span> <span class='ocrx_word' id='word_1_261' title='bbox 1555 2312 1648 2390; x_wconf 85' lang='lat' dir='ltr'>foret</span> <span class='ocrx_word' id='word_1_262' title='bbox 1673 2341 1753 2390; x_wconf 90' lang='lat' dir='ltr'>cum</span> <span class='ocrx_word' id='word_1_263' title='bbox 1781 2318 1867 2390; x_wconf 83' lang='lat' dir='ltr'>Rar-</span> 
     </span>
     <span class='ocr_line' id='line_1_47' title="bbox 1105 2416 1865 2513; baseline -0.005 -22"><span class='ocrx_word' id='word_1_264' title='bbox 1105 2416 1198 2492; x_wconf 87' lang='lat' dir='ltr'>baris</span> <span class='ocrx_word' id='word_1_265' title='bbox 1232 2420 1267 2492; x_wconf 70' lang='lat' dir='ltr'>oa</span> <span class='ocrx_word' id='word_1_266' title='bbox 1303 2418 1365 2513; x_wconf 87' lang='lat' dir='ltr'>sub</span> <span class='ocrx_word' id='word_1_267' title='bbox 1401 2416 1563 2493; x_wconf 80' lang='lat' dir='ltr'>Barbarie</span> <span class='ocrx_word' id='word_1_268' title='bbox 1597 2416 1685 2492; x_wconf 77' lang='lat' dir='ltr'>effe.</span> <span class='ocrx_word' id='word_1_269' title='bbox 1721 2418 1865 2507; x_wconf 80' lang='lat' dir='ltr'>Franci,</span> 
     </span>
     <span class='ocr_line' id='line_1_48' title="bbox 1104 2519 1866 2612; baseline -0.003 -20"><span class='ocrx_word' id='word_1_270' title='bbox 1104 2519 1177 2607; x_wconf 89' lang='lat' dir='ltr'>ait,</span> <span class='ocrx_word' id='word_1_271' title='bbox 1204 2521 1258 2591; x_wconf 85' lang='lat' dir='ltr'>hoc</span> <span class='ocrx_word' id='word_1_272' title='bbox 1276 2520 1381 2612; x_wconf 81' lang='lat' dir='ltr'>scelus</span> <span class='ocrx_word' id='word_1_273' title='bbox 1406 2522 1566 2612; x_wconf 80' lang='lat' dir='ltr'>nesciunt.</span> <span class='ocrx_word' id='word_1_274' title='bbox 1591 2519 1724 2590; x_wconf 79' lang='lat' dir='ltr'><em>Chonni</em></span> <span class='ocrx_word' id='word_1_275' title='bbox 1748 2520 1866 2590; x_wconf 77' lang='lat' dir='ltr'>abbis</span> 
     </span>
     <span class='ocr_line' id='line_1_49' title="bbox 1097 2620 1866 2716; baseline 0.001 -26"><span class='ocrx_word' id='word_1_276' title='bbox 1097 2620 1265 2712; x_wconf 78' lang='lat' dir='ltr'>sceleribus</span> <span class='ocrx_word' id='word_1_277' title='bbox 1300 2621 1451 2693; x_wconf 83' lang='lat' dir='ltr'>immunes</span> <span class='ocrx_word' id='word_1_278' title='bbox 1479 2623 1583 2716; x_wconf 80' lang='lat' dir='ltr'>sunt.</span> <span class='ocrx_word' id='word_1_279' title='bbox 1621 2620 1719 2692; x_wconf 79' lang='lat' dir='ltr'><em>Nihil</em></span> <span class='ocrx_word' id='word_1_280' title='bbox 1756 2621 1866 2691; x_wconf 75' lang='lat' dir='ltr'>borram</span> 
     </span>
     <span class='ocr_line' id='line_1_50' title="bbox 1103 2718 1865 2817; baseline 0.003 -26"><span class='ocrx_word' id='word_1_281' title='bbox 1103 2718 1146 2808; x_wconf 83' lang='lat' dir='ltr'>cll</span> <span class='ocrx_word' id='word_1_282' title='bbox 1170 2728 1257 2817; x_wconf 81' lang='lat' dir='ltr'>apud</span> <span class='ocrx_word' id='word_1_283' title='bbox 1285 2723 1488 2806; x_wconf 80' lang='lat' dir='ltr'>Wandalos,</span> <span class='ocrx_word' id='word_1_284' title='bbox 1524 2721 1608 2793; x_wconf 82' lang='lat' dir='ltr'><em>nibil</em></span> <span class='ocrx_word' id='word_1_285' title='bbox 1641 2721 1749 2792; x_wconf 80' lang='lat' dir='ltr'>borum</span> <span class='ocrx_word' id='word_1_286' title='bbox 1776 2722 1865 2817; x_wconf 73' lang='lat' dir='ltr'>apud</span> 
     </span>
     <span class='ocr_line' id='line_1_51' title="bbox 1103 2821 1865 2920; baseline 0.003 -28"><span class='ocrx_word' id='word_1_287' title='bbox 1103 2826 1243 2895; x_wconf 81' lang='lat' dir='ltr'>Gothos.</span> <span class='ocrx_word' id='word_1_288' title='bbox 1279 2829 1362 2896; x_wconf 85' lang='lat' dir='ltr'>Tam</span> <span class='ocrx_word' id='word_1_289' title='bbox 1396 2825 1489 2920; x_wconf 80' lang='lat' dir='ltr'>longe</span> <span class='ocrx_word' id='word_1_290' title='bbox 1513 2827 1596 2895; x_wconf 83' lang='lat' dir='ltr'>enim</span> <span class='ocrx_word' id='word_1_291' title='bbox 1623 2821 1686 2909; x_wconf 78' lang='lat' dir='ltr'>cll,</span> <span class='ocrx_word' id='word_1_292' title='bbox 1720 2843 1758 2893; x_wconf 83' lang='lat' dir='ltr'>ut</span> <span class='ocrx_word' id='word_1_293' title='bbox 1791 2822 1865 2894; x_wconf 81' lang='lat' dir='ltr'>baec</span> 
     </span>
     <span class='ocr_line' id='line_1_52' title="bbox 1105 2922 1864 3013; baseline 0.001 -21"><span class='ocrx_word' id='word_1_294' title='bbox 1105 2922 1188 2993; x_wconf 83' lang='lat' dir='ltr'>inter</span> <span class='ocrx_word' id='word_1_295' title='bbox 1206 2923 1320 2993; x_wconf 81' lang='lat' dir='ltr'>Gothos</span> <span class='ocrx_word' id='word_1_296' title='bbox 1340 2926 1482 2999; x_wconf 81' lang='lat' dir='ltr'>Barbari</span> <span class='ocrx_word' id='word_1_297' title='bbox 1505 2930 1658 3013; x_wconf 80' lang='lat' dir='ltr'>tolerent,</span> <span class='ocrx_word' id='word_1_298' title='bbox 1681 2944 1718 2993; x_wconf 82' lang='lat' dir='ltr'>ro</span> <span class='ocrx_word' id='word_1_299' title='bbox 1737 2949 1776 2994; x_wconf 84' lang='lat' dir='ltr'>rre</span> <span class='ocrx_word' id='word_1_300' title='bbox 1794 2930 1864 2995; x_wconf 86' lang='lat' dir='ltr'>Ro-</span> 
     </span>
     <span class='ocr_line' id='line_1_53' title="bbox 1105 3023 1865 3122; baseline 0.001 -29"><span class='ocrx_word' id='word_1_301' title='bbox 1105 3024 1194 3093; x_wconf 84' lang='lat' dir='ltr'>mani</span> <span class='ocrx_word' id='word_1_302' title='bbox 1219 3024 1370 3119; x_wconf 77' lang='lat' dir='ltr'>quidem,</span> <span class='ocrx_word' id='word_1_303' title='bbox 1397 3025 1453 3122; x_wconf 81' lang='lat' dir='ltr'>qui</span> <span class='ocrx_word' id='word_1_304' title='bbox 1480 3026 1562 3097; x_wconf 84' lang='lat' dir='ltr'>inter</span> <span class='ocrx_word' id='word_1_305' title='bbox 1586 3051 1635 3096; x_wconf 85' lang='lat' dir='ltr'>eos</span> <span class='ocrx_word' id='word_1_306' title='bbox 1659 3023 1804 3112; x_wconf 79' lang='lat' dir='ltr'>vivuat,</span> <span class='ocrx_word' id='word_1_307' title='bbox 1835 3023 1865 3094; x_wconf 92' lang='lat' dir='ltr'>i·</span> 
     </span>
    </p>
   </div>
   <div class='ocr_carea' id='block_1_13' title="bbox 233 3119 1866 3222">
    <p class='ocr_par' dir='ltr' id='par_1_13' title="bbox 233 3119 1866 3222">
     <span class='ocr_line' id='line_1_54' title="bbox 233 3119 1866 3222; baseline 0.002 -29"><span class='ocrx_word' id='word_1_308' title='bbox 233 3138 348 3193; x_wconf 88' lang='lat' dir='ltr'>satum</span> <span class='ocrx_word' id='word_1_309' title='bbox 376 3122 506 3221; x_wconf 88' lang='lat' dir='ltr'>quippe</span> <span class='ocrx_word' id='word_1_310' title='bbox 535 3124 606 3206; x_wconf 81' lang='lat' dir='ltr'>est,</span> <span class='ocrx_word' id='word_1_311' title='bbox 640 3151 711 3199; x_wconf 88' lang='lat' dir='ltr'>non</span> <span class='ocrx_word' id='word_1_312' title='bbox 749 3124 867 3200; x_wconf 84' lang='lat' dir='ltr'>minus</span> <span class='ocrx_word' id='word_1_313' title='bbox 895 3143 994 3200; x_wconf 84' lang='lat' dir='ltr'>vete·</span> <span class='ocrx_word' id='word_1_314' title='bbox 1035 3119 1071 3190; x_wconf 90' lang='lat' dir='ltr'>D</span> <span class='ocrx_word' id='word_1_315' title='bbox 1098 3123 1153 3212; x_wconf 81' lang='lat' dir='ltr'>lla</span> <span class='ocrx_word' id='word_1_316' title='bbox 1175 3125 1364 3221; x_wconf 79' lang='lat' dir='ltr'>pariantur.</span> <span class='ocrx_word' id='word_1_317' title='bbox 1393 3130 1504 3222; x_wconf 78' lang='lat' dir='ltr'>Iraque</span> <span class='ocrx_word' id='word_1_318' title='bbox 1528 3153 1624 3197; x_wconf 81' lang='lat' dir='ltr'>anum</span> <span class='ocrx_word' id='word_1_319' title='bbox 1651 3124 1718 3194; x_wconf 81' lang='lat' dir='ltr'><em>illic</em></span> <span class='ocrx_word' id='word_1_320' title='bbox 1743 3130 1866 3196; x_wconf 85' lang='lat' dir='ltr'>Roma-</span> 
     </span>
    </p>
   </div>
   <div class='ocr_carea' id='block_1_14' title="bbox 234 3221 994 3516">
    <p class='ocr_par' dir='ltr' id='par_1_14' title="bbox 234 3221 994 3516">
     <span class='ocr_line' id='line_1_55' title="bbox 234 3221 992 3318; baseline 0.005 -25"><span class='ocrx_word' id='word_1_321' title='bbox 234 3246 288 3293; x_wconf 89' lang='lat' dir='ltr'>res</span> <span class='ocrx_word' id='word_1_322' title='bbox 307 3221 413 3303; x_wconf 81' lang='lat' dir='ltr'>illos,</span> <span class='ocrx_word' id='word_1_323' title='bbox 432 3248 521 3318; x_wconf 86' lang='lat' dir='ltr'>quos</span> <span class='ocrx_word' id='word_1_324' title='bbox 544 3224 636 3298; x_wconf 86' lang='lat' dir='ltr'>tanti</span> <span class='ocrx_word' id='word_1_325' title='bbox 663 3224 834 3312; x_wconf 86' lang='lat' dir='ltr'>facimus,</span> <span class='ocrx_word' id='word_1_326' title='bbox 853 3225 892 3300; x_wconf 79' lang='grc' dir='ltr'>δι</span> <span class='ocrx_word' id='word_1_327' title='bbox 912 3251 992 3301; x_wconf 89' lang='lat' dir='ltr'>cum</span> 
     </span>
     <span class='ocr_line' id='line_1_56' title="bbox 234 3321 994 3423; baseline 0.011 -34"><span class='ocrx_word' id='word_1_328' title='bbox 234 3321 463 3392; x_wconf 83' lang='lat' dir='ltr'>veneratione</span> <span class='ocrx_word' id='word_1_329' title='bbox 490 3323 737 3414; x_wconf 85' lang='lat' dir='ltr'>nominamus,</span> <span class='ocrx_word' id='word_1_330' title='bbox 761 3323 994 3423; x_wconf 84' lang='lat' dir='ltr'>lagaciffimos</span> 
     </span>
     <span class='ocr_line' id='line_1_57' title="bbox 235 3415 993 3516; baseline 0.011 -25"><span class='ocrx_word' id='word_1_331' title='bbox 235 3415 335 3491; x_wconf 81' lang='lat' dir='ltr'>fuiffe</span> <span class='ocrx_word' id='word_1_332' title='bbox 372 3419 593 3516; x_wconf 87' lang='lat' dir='ltr'>publicorum</span> <span class='ocrx_word' id='word_1_333' title='bbox 624 3420 694 3498; x_wconf 88' lang='lat' dir='ltr'>fine</span> <span class='ocrx_word' id='word_1_334' title='bbox 728 3449 875 3499; x_wconf 84' lang='lat' dir='ltr'>numero</span> <span class='ocrx_word' id='word_1_335' title='bbox 909 3451 993 3499; x_wconf 90' lang='lat' dir='ltr'>oue·</span> 
     </span>
    </p>
   </div>
   <div class='ocr_carea' id='block_1_15' title="bbox 1107 3226 1867 3319">
    <p class='ocr_par' dir='ltr' id='par_1_15' title="bbox 1107 3226 1867 3319">
     <span class='ocr_line' id='line_1_58' title="bbox 1107 3226 1867 3319; baseline 0.005 -25"><span class='ocrx_word' id='word_1_336' title='bbox 1107 3250 1215 3294; x_wconf 85' lang='lat' dir='ltr'>norum</span> <span class='ocrx_word' id='word_1_337' title='bbox 1241 3226 1378 3297; x_wconf 79' lang='lat' dir='ltr'>omniura</span> <span class='ocrx_word' id='word_1_338' title='bbox 1408 3248 1518 3297; x_wconf 80' lang='lat' dir='ltr'>voram</span> <span class='ocrx_word' id='word_1_339' title='bbox 1552 3226 1620 3315; x_wconf 79' lang='lat' dir='ltr'>cll,</span> <span class='ocrx_word' id='word_1_340' title='bbox 1656 3251 1694 3294; x_wconf 87' lang='lat' dir='ltr'>rre</span> <span class='ocrx_word' id='word_1_341' title='bbox 1720 3239 1867 3319; x_wconf 73' lang='lat' dir='ltr'>umquam</span> 
     </span>
    </p>
   </div>
   <div class='ocr_carea' id='block_1_16' title="bbox 1107 3323 1866 3501">
    <p class='ocr_par' dir='ltr' id='par_1_16' title="bbox 1107 3323 1866 3501">
     <span class='ocr_line' id='line_1_59' title="bbox 1107 3323 1866 3426; baseline 0.008 -34"><span class='ocrx_word' id='word_1_342' title='bbox 1107 3349 1156 3394; x_wconf 83' lang='lat' dir='ltr'>ros</span> <span class='ocrx_word' id='word_1_343' title='bbox 1181 3323 1290 3421; x_wconf 72' lang='lat' dir='ltr'>rcceffe</span> <span class='ocrx_word' id='word_1_344' title='bbox 1317 3324 1365 3413; x_wconf 76' lang='lat' dir='ltr'>lit</span> <span class='ocrx_word' id='word_1_345' title='bbox 1390 3327 1425 3399; x_wconf 88' lang='lat' dir='ltr'>irr</span> <span class='ocrx_word' id='word_1_346' title='bbox 1454 3323 1513 3426; x_wconf 77' lang='lat' dir='ltr'>jus</span> <span class='ocrx_word' id='word_1_347' title='bbox 1546 3325 1680 3420; x_wconf 71' lang='lat' dir='ltr'>transire</span> <span class='ocrx_word' id='word_1_348' title='bbox 1704 3332 1866 3399; x_wconf 72' lang='lat' dir='ltr'>Romano-</span> 
     </span>
     <span class='ocr_line' id='line_1_60' title="bbox 1108 3448 1197 3501; baseline 0.079 -7"><span class='ocrx_word' id='word_1_349' title='bbox 1108 3448 1197 3501; x_wconf 86' lang='lat' dir='ltr'>rum.</span> 
     </span>
    </p>
   </div>
   <div class='ocr_carea' id='block_1_17' title="bbox 234 3519 1097 3608">
    <p class='ocr_par' dir='ltr' id='par_1_17' title="bbox 234 3519 1097 3608">
     <span class='ocr_line' id='line_1_61' title="bbox 234 3519 1097 3608; baseline 0.02 -14"><span class='ocrx_word' id='word_1_350' title='bbox 234 3544 340 3603; x_wconf 87' lang='lat' dir='ltr'>rum,</span> <span class='ocrx_word' id='word_1_351' title='bbox 365 3519 474 3597; x_wconf 83' lang='lat' dir='ltr'>etiarn</span> <span class='ocrx_word' id='word_1_352' title='bbox 500 3521 742 3608; x_wconf 80' lang='lat' dir='ltr'>sordidorum,</span> <span class='ocrx_word' id='word_1_353' title='bbox 768 3523 992 3608; x_wconf 72' lang='lat' dir='ltr'>inventores,</span> <span class='ocrx_word' id='word_1_354' title='bbox 1094 3561 1097 3573; x_wconf 91' lang='lat'><em>·</em></span> 
     </span>
    </p>
   </div>
   <div class='ocr_carea' id='block_1_18' title="bbox 0 0 2112 6005">
    <p class='ocr_par' dir='ltr' id='par_1_18' title="bbox 0 0 2112 6005">
     <span class='ocr_line' id='line_1_62' title="bbox 0 0 2112 6005; baseline 0 0"><span class='ocrx_word' id='word_1_355' title='bbox 0 0 2112 6005; x_wconf 95' lang='lat' dir='ltr'> </span> 
     </span>
    </p>
   </div>
  </div>
 </body>
</html>
