4216 6014
125 2875 141 2891 f
233 2842 363 2941 quippe
390 2843 459 2926 est,
496 2844 527 2920 sa

291 301 380 414 tot
601 297 969 388 ntssntrarto
1010 286 1524 385 ttorrtuarnttmt
1719 313 1808 413 Μ

234 486 239 496 ,
344 392 349 399 ’
383 417 423 490 di
437 470 448 506 ‚
483 415 550 512 legi
585 421 630 490 (ν
664 421 822 518 enganni,
859 420 908 492 nil
932 419 993 493 ad⁴
1032 422 1066 494 A
1107 411 1295 496 vitatum,
1339 411 1434 512 quod
1473 407 1666 495 nimirum:
1690 411 1790 517 saepe
1829 424 1869 494 at

384 522 462 593 dms
489 545 584 614 oeque
610 523 908 615 miuu2m‚.protar
927 523 994 613 for·
1106 513 1242 613 saepius
1282 540 1354 588 non
1390 514 1456 590 alii
1492 516 1599 591 essent
1636 514 1868 618 Episcopatus

385 630 417 693 te
443 622 571 692 literam
594 624 650 695 vel
669 623 826 708 fillabam
849 626 925 715 plus
941 624 996 696 vel

233 777 236 780 -
369 725 520 813 eminus,
554 720 602 802 ὀμ
631 723 714 808 ficut
740 725 775 796 itt
800 752 834 796 to
859 727 996 799 coutine-

387 827 482 896 batut
496 871 507 905 ,
528 823 665 916 scripsi.

285 930 342 1000 Ex
369 923 424 997 his
451 924 576 1016 vides,
610 930 809 1001 Somniorum
832 931 871 1000 in
897 935 995 1000 Fero·

235 1029 333 1102 uiauo
372 1023 522 1125 'pofitunt
563 1028 765 1126 pertinuisse
800 1030 842 1104 ad
878 1029 996 1104 Muti·

234 1124 384 1202 nenses.
425 1132 514 1201 Sunt
553 1132 590 1202 δι
630 1132 700 1205 alia
740 1150 995 1215 monumenta,

235 1255 323 1327 qnae
350 1228 525 1327 produnt,
554 1233 754 1330 proximam
782 1235 921 1307 Villam
939 1239 996 1306 A·

1108 632 1214 716 atque
1240 616 1444 692 Comitatus
1480 614 1594 709 fines,
1630 621 1686 695 uti
1721 623 1868 699 Canonc

1112 742 1170 816 17.
1206 714 1438 792 oecumenici
1473 719 1635 793 Concilii
1672 722 1869 797 Calchedo-

1109 817 1219 894 nenfis
1249 818 1484 895 constitutum
1520 819 1687 895 videtur:
1728 843 1869 925 propte-

1109 949 1167 997 rea
1193 918 1251 1001 sua
1278 921 1390 995 adhuc
1417 920 1472 996 vis
1498 919 1599 995 restat
1626 922 1779 999 Chartae
1804 952 1870 1002 nu-

1110 1050 1171 1123 per
1197 1022 1385 1124 produsiac
1409 1023 1451 1096 ad
1479 1023 1675 1124 prodendos
1701 1027 1871 1103 terminos

1111 1124 1281 1225 politicae
1306 1124 1456 1200 ditionis
1491 1124 1586 1201 inter
1621 1122 1724 1201 hosce
1755 1131 1871 1225 Popu-

1110 1229 1184 1302 los.
1210 1230 1259 1300 Et
1286 1225 1516 1326 praesertim,
1543 1227 1637 1326 quod
1664 1227 1710 1302 lia
1738 1227 1872 1328 agitata

232 1330 348 1408 diaui,
376 1356 468 1403 nunc
493 1331 633 1416 Aiauo,
670 1334 708 1408 in
738 1332 993 1409 Mutinenstum
1041 1337 1069 1406 B
1111 1326 1157 1402 est
1191 1325 1230 1399 in
1266 1328 1441 1404 Saeculari
1476 1331 1587 1404 Curia
1621 1350 1696 1407 oute
1730 1337 1874 1403 Ortonam

235 1429 402 1529 potestate
429 1429 553 1507 fuisse.
579 1441 699 1508 Sauum
716 1439 873 1517 Malata,
900 1436 994 1533 quod

131 1528 134 1532 ’
236 1531 349 1605 adhuc
386 1531 484 1607 suum
522 1561 652 1611 nomen
687 1536 822 1628 servat,
857 1536 994 1612 limita-

234 1659 339 1706 neum
376 1652 451 1708 erat
485 1636 580 1711 inter
614 1638 835 1714 Mutinenses
860 1640 896 1711 δι
925 1642 995 1712 Βο-

235 1732 448 1809 noniensea.
481 1741 530 1811 Et
565 1765 674 1837 quum
700 1738 873 1836 ejusmodi
909 1738 995 1814 fines

240 1834 465 1908 amentium
505 1838 590 1936 jugo
627 1841 877 1923 desumantur‚
913 1841 996 1914 reli·

237 1958 346 2032 quum
374 1933 444 2020 est,
472 1954 511 2009 ut
538 1936 795 2016 Mutinenstum
822 1941 916 2013 ditio
943 1939 998 2012 in-

238 2052 377 2132 tegrum
414 2036 650 2113 Feronianum
679 2042 998 2139 complcslerctur,

237 2132 350 2207 immo
377 2132 417 2209 &
445 2136 514 2210 alia
542 2139 647 2231 loca,
674 2142 827 2240 quaein
855 2142 908 2239 jus
929 2145 998 2216 Bo·

1112 1433 1274 1523 Maguum
1299 1431 1482 1526 Augustum
1495 1478 1507 1512 ,
1543 1447 1670 1506 neutro
1704 1457 1749 1506 ex
1784 1432 1872 1532 Epi-

1112 1528 1225 1628 scopis
1244 1526 1428 1627 'praesente
1463 1548 1524 1606 aut
1559 1530 1732 1632 insiante;
1769 1532 1805 1605 bt
1839 1533 1872 1610 i·

1112 1629 1291 1705 dentidcm
1317 1633 1510 1730 repetitur,
1537 1659 1595 1707 eos
1622 1632 1687 1708 esse
1705 1633 1793 1725 fines
1820 1636 1873 1733 itr-

1105 1754 1159 1803 ter
1192 1733 1362 1805 Mutinam
1398 1732 1446 1814 &¹
1481 1734 1677 1807 Bononiam.
1715 1738 1803 1810 Sunt
1835 1738 1873 1810 dt

1112 1833 1182 1907 alia
1209 1835 1398 1930 exempla,
1423 1859 1443 1909 e
1469 1833 1597 1933 quibus
1624 1833 1782 1932 patebit,
1809 1836 1871 1912 sub

1112 1933 1321 2031 Episcopatus
1355 1933 1501 2009 nomine
1541 1933 1729 2036 fignificari
1765 1936 1874 2011 etiam

1111 2036 1362 2110 Comitatum.

1162 2135 1279 2234 Atqui
1316 2137 1440 2212 Seculo
1468 2139 1530 2212 ΧῘ.
1559 2138 1781 2237 exploratum
1811 2138 1874 2215 ba·
2010 2167 2015 2183 ·

236 2234 454 2309 nonienstum
493 2238 605 2335 pollen
631 2243 775 2318 cessere.
812 2242 877 2318 Sed
904 2241 997 2318 nihil
1036 2235 1070 2315 C
1112 2238 1203 2319 bco,
1240 2239 1453 2310 feronianum
1496 2239 1563 2312 suis
1604 2240 1871 2340 Magistratibus

235 2332 548 2412 diffimulandum:
592 2343 667 2415 baec
707 2347 871 2418 altercatio
906 2345 999 2434 fasla

235 2437 370 2511 dicitur
406 2441 489 2510 iuter
517 2444 728 2537 Bmouienses
754 2449 799 2518 Θ·
826 2447 998 2518 Mutinen-

230 2538 282 2631 [σε
308 2541 348 2612 de
375 2540 550 2633 confinibus
576 2545 619 2614 (a
645 2548 789 2623 torminis
822 2547 996 2646 Episcopa-

235 2659 288 2710 tus
315 2666 449 2711 rorum:
482 2669 553 2716 non
591 2672 674 2746 ergo
701 2648 743 2722 de
769 2649 899 2724 finibus
926 2667 996 2723 ter·

233 2738 353 2815 ritorii
381 2746 561 2818 ambarum
589 2744 816 2826 Civitatum.
843 2749 994 2825 Certum

524 2874 592 3021 ἑιρε
619 2849 709 2924 alios
744 2850 844 2926 suisle
871 2851 995 2950 (quod

231 2943 268 3015 dt
317 2943 429 3019 adhuc
479 2973 521 3045 pa
567 2975 600 3023 m
649 2951 869 3050 intuemur)
909 2952 995 3027 fines

232 3042 410 3120 Dioecests
425 3096 437 3129 ‚
473 3048 562 3125 alios
598 3053 794 3129 Territorii
830 3051 901 3128 five
928 3053 995 3127 Di·

1112 2338 1279 2437 paruisle‚
1315 2338 1538 2436 divisumque
1574 2338 1675 2415 fuisse
1701 2369 1719 2414 a
1746 2345 1874 2418 Comi·

1111 2457 1189 2514 tatu
1216 2438 1433 2516 Mutinensi.
1469 2443 1511 2514 In
1538 2443 1736 2518 'rabulatio
1762 2449 1816 2521 Cr
1841 2442 1874 2520 i·

1111 2539 1181 2615 ruti
1207 2540 1472 2617 canonicorum
1509 2542 1641 2617 nostrae
1675 2542 1784 2620 Urbis
1808 2470 1874 2627 do.-

1111 2640 1293 2717 nationem
1320 2642 1392 2742 legi
1419 2642 1550 2716 sabbam
1576 2645 1705 2743 Ingoni
1726 2644 1873 2743 Episco-

1110 2770 1156 2844 po
1179 2753 1282 2817 Amro
1307 2749 1506 2819 MXXXIV.
1532 2763 1702 2821 tertarum
1730 2745 1872 2823 sitarum
2002 2829 2005 2839 ,

1109 2844 1201 2919 insta
1227 2845 1422 2918 comicorum
1449 2848 1703 2945 Farmguimse.
1740 2848 1871 2924 Rursus

1110 2945 1147 3018 in
1189 2948 1300 3019 altera
1340 2972 1546 3045 pergamena
1584 2966 1727 3023 exarata
1768 2959 1871 3024 Anu'o

1109 3051 1307 3119 MXXXVI.
1338 3048 1531 3119 Cbuuradus
1566 3050 1632 3121 Dei
1662 3050 1775 3145 gratias
1803 3056 1871 3124 lm·

231 3141 367 3222 strisius
399 3148 582 3233 Urbium,
618 3151 672 3226 ita
706 3172 748 3229 ut
783 3155 891 3231 mndb
918 3155 995 3229 bre·
1039 3153 1070 3220 D
1106 3169 1232 3243 ptmvr
1248 3145 1417 3243 Augustus
1433 3155 1537 3219 Anno
1556 3150 1691 3243 ¹imperii
1715 3147 1784 3241 rjus
1802 3157 1871 3225 Deo

229 3244 338 3337 trior,
375 3250 482 3323 modb
517 3252 626 3325 latior
651 3254 907 3354 Episcoporum
934 3273 996 3329 aut

235 3344 441 3419 Civitatum
468 3348 562 3422 ditio
587 3349 720 3425 suerit.
756 3355 799 3428 In
835 3353 996 3452 Septien·

231 3444 302 3516 sem
331 3442 370 3519 &
398 3449 654 3525 Stationensem
680 3455 885 3530 Comitatus
903 3454 993 3530 olim

230 3541 265 3618 se
291 3548 435 3640 quidem
463 3552 718 3648 protendebant
743 3554 993 3653 Arcbiepisco·

229 3643 267 3742 pi
293 3643 592 3734 Mediolanensis,
618 3680 689 3727 non
717 3675 834 3730 autem
861 3656 991 3736 Urbis,

229 3747 333 3847 jura3
372 3745 410 3822 dt
450 3771 573 3827 contra
609 3755 881 3832 Mediolanenfis
917 3762 991 3834 Co·

227 3847 329 3922 mitis
349 3850 495 3947 potestas
513 3853 691 3929 interdum
711 3857 819 3956 usque
844 3859 883 3934 in
903 3861 991 3935 Tel·

229 3948 342 4023 linam
370 3955 512 4026 Vallem
541 3958 713 4056 progressa
731 3960 801 4052 est,
828 3987 918 4058 quae
936 3979 991 4034 ta·

1105 3248 1317 3341 propitiabit
1342 3248 1378 3317 iu
1403 3250 1506 3321 Italia
1530 3252 1643 3329 Nouo,
1669 3251 1714 3321 ss.
1741 3249 1794 3321 dio
1817 3251 1871 3324 itt,
1917 3244 1922 3254 ⁸

1060 3406 1066 3426 ,
1104 3348 1267 3443 gradiente
1309 3347 1423 3438 Memfi·
1462 3347 1653 3438 Rauola,
1692 3348 1871 3427 tudinium

1107 3449 1257 3542 Quinta,
1292 3447 1448 3523 occurrit
1483 3447 1576 3524 mihi
1612 3452 1745 3522 uacuas
1769 3450 1870 3544 filisu

1050 3600 1051 3604 =
1105 3552 1182 3621 boue
1206 3546 1359 3619 memorie:
1373 3548 1525 3622 Daibetti
1549 3553 1588 3621 do
1612 3550 1776 3623 Comitatus
1801 3557 1869 3625 Fe-

1106 3674 1262 3746 regnam.
1299 3646 1418 3723 stain
1445 3649 1642 3725 Tabulario
1667 3652 1870 3729 Monachu-

1104 3776 1182 3824 rum
1194 3748 1505 3824 Benedislinorum
1517 3751 1869 3841 MutinenfiuntSanu¹

1104 3850 1155 3926 sii
1192 3849 1288 3925 Petri
1324 3851 1526 3926 membrana
1561 3852 1702 3936 existit,
1737 3853 1867 3955 scripta

1103 3960 1207 4026 osum
1231 3953 1337 4024 Tertii
1365 3953 1498 4024 Hauricr'
1531 3956 1733 4045 Imperatoris
1768 3957 1864 4030 sudi-

227 4075 310 4123 men
347 4055 608 4130 Novocomenst
643 4059 819 4159 Episcopo
855 4061 991 4136 suberat
1031 4050 1060 4120 E
1104 4052 1205 4125 ctione
1230 4058 1301 4132 XV.
1319 4051 1405 4128 idest
1424 4059 1533 4131 Anno
1551 4054 1682 4132 Christi
1701 4060 1867 4159 Mxvtt
1984 4028 1989 4037 s

228 4148 267 4225 &
292 4149 425 4227 subest.
462 4157 518 4229 Ita
552 4157 587 4231 dt
624 4157 663 4232 in
691 4159 915 4258 Antiquitat.
943 4167 990 4234 E-

228 4249 357 4326 sienfib.
386 4256 464 4329 Par.
491 4259 520 4330 1.
547 4257 635 4358 Cap.
655 4284 691 4357 7.
711 4264 859 4336 Curtem
885 4262 991 4338 Mur·

228 4354 345 4450 gulam
367 4357 586 4451 memoravi,
613 4359 712 4434 sitam
732 4365 893 4437 Comitum
911 4365 991 4438 Bri·

229 4453 356 4544 uiculi;
381 4461 536 4532 parabit
563 4461 577 4560 s
589 4461 673 4537 idest
696 4465 884 4566 'Dioecest)
912 4471 989 4538 Cra·

229 4558 387 4640 mouens.
422 4564 595 4637 Attamen
634 4592 743 4663 quum
787 4593 858 4640 non
898 4569 989 4642 leuis

230 4676 539 4737 monumentorum
566 4667 669 4763 copia
695 4665 823 4743 adferri
859 4669 989 4769 possit,

231 4754 322 4828 unde
345 4778 529 4857 'appareat
554 4820 566 4856 ,
609 4770 820 4864 Episcopatus
861 4797 987 4846 vocem

228 4853 428 4931 adhibitam
463 4861 561 4938 luisse
595 4869 638 4942 ad
672 4870 918 4972 defignandum
951 4899 988 4946 e·

227 4956 317 5029 tiam
354 4961 580 5038 Comitatum
605 4971 640 5040 nc
677 4973 884 5052 Distrisium
920 4973 989 5050 Ci-

1106 4171 1166 4227 aut
1192 4156 1390 4231 Mva-tt.
1416 4154 1543 4255 inqua
1563 4176 1778 4232 memoratur
1794 4161 1866 4231 ,At-

1104 4256 1176 4349 biro
1201 4253 1301 4348 filius
1327 4255 1477 4331 Doiderti
1501 4263 1540 4330 da
1565 4259 1730 4330 Comitatus
1763 4265 1864 4334 Fero.-
1919 4258 1924 4268 ’

1104 4358 1418 4433 uianaordooaaras
1444 4359 1657 4444 Mouasterii.
1687 4362 1772 4450 Quo
1799 4383 1861 4433 ve·

1105 4464 1145 4533 rb
1160 4476 1318 4557 tempore
1337 4456 1549 4534 Mutinenfis
1570 4456 1778 4554 Respublica
1796 4464 1863 4551 Fa,—

1104 4559 1318 4640 ronianum,
1354 4559 1492 4656 aliaque
1528 4559 1749 4635 contermina
1785 4561 1864 4639 loca

1104 4659 1166 4736 stbi
1194 4658 1401 4760 subjecerit,
1427 4657 1637 4759 patefaciam
1665 4661 1702 4737 in
1731 4663 1862 4739 Disser-

1104 4763 1241 4840 tatione
1268 4764 1421 4839 XLVII.
1446 4765 1486 4836 da
1519 4763 1864 4862 amplificat-Civita-

1104 4887 1171 4937 tum
1197 4866 1338 4939 Italicar.
1365 4865 1520 4941 dominat.
1557 4869 1693 4943 Interea
1719 4887 1763 4942 er
1800 4865 1862 4938 lta*

1102 4965 1223 5043 sienus
1249 4964 1409 5049 dedusbis
1434 4968 1570 5045 elucere
1596 4968 1731 5069 potest,
1757 4961 1862 5043 insto

1238 5071 1269 5137 C
1298 5093 1315 5137 c
1369 5093 1391 5137 a
1695 5063 1809 5154 biles,
