4216 6014
286 332 374 444 ina
571 320 1538 420 DJSSERTATJO.V!GE81MASECUNDA;
1731 337 1820 442 47⁸

231 450 351 520 Watdo
378 442 480 538 Vaffis
506 444 614 527 rosiris
642 447 815 542 imperat,
842 467 880 516 ar
898 444 996 538 adia·
1024 444 1076 528 iA
1112 470 1240 516 nranan
1277 446 1407 516 vivas:
1444 442 1494 523 &¹
1526 441 1575 531 fic
1601 442 1880 542 inquirantur&

227 548 343 622 teriam
376 548 505 637 saciant
541 550 742 642 Harlegaodo
779 548 919 620 Diacono
955 552 1000 621 ad
1112 546 1328 638 defendantur
1352 571 1400 617 res
1433 547 1693 639 Ecdesiastieae.
1730 547 1884 624 Proinde

226 648 464 734 eelioarandan
493 649 662 728 Eselelion
686 649 804 723 Sensi
831 649 977 747 Benigni
987 698 999 731 ,
1114 648 1275 721 videmus
1301 646 1341 720 in
1365 643 1516 722 Chattis
1542 649 1668 724 nostris
1695 649 1884 745 Presbyte-

229 749 460 825 Divionensrs
487 754 536 824 io'
554 753 775 850 Burgundia.
804 752 884 825 Alii
909 752 1011 850 quo·‘
1114 776 1193 838 ros,
1219 748 1283 843 qui
1310 746 1345 821 se
1370 746 1517 821 natione
1555 749 1784 846 Langobardos
1823 769 1886 826 aut

230 876 301 945 que
341 852 492 951 ejusdem
537 853 693 928 nominis
733 853 772 927 in
812 850 999 928 Gallia&
1114 851 1296 938 franciscos
1321 852 1532 949 appellant3
1558 850 1614 939 [ed
1635 873 1763 948 propter
1787 853 1885 926 hans·

231 951 361 1052 Bcigio
386 958 476 1030 olim
502 955 753 1030 occurrebant.
791 956 885 1028 Illud
913 981 998 1028 con·
1112 980 1178 1024 reon
1203 952 1378 1026 sacerdocii
1403 952 1555 1026 nonant
1591 959 1675 1048 Lege
1701 954 1734 1026 se
1762 953 1884 1029 vivere

230 1069 287 1128 tra
313 1056 495 1148 concedo,
524 1056 693 1132 videlicet
719 1055 796 1131 ficri
825 1055 999 1158 potuisse,
1115 1052 1347 1151 profitentur.
1388 1052 1584 1154 Privilegii
1622 1056 1704 1126 ioco
1730 1054 1768 1127 id
1795 1052 1884 1129 Cle·

232 1175 274 1238 ut
313 1160 357 1230 ab
397 1157 460 1231 isio
507 1161 630 1232 Comire
673 1162 821 1234 Anadeo
855 1156 1000 1257 antiqui
1114 1160 1198 1232 ricis
1236 1156 1432 1231 concessum
1468 1183 1536 1256 ego
1574 1155 1731 1248 opinor,
1771 1179 1887 1255 neque

215 1259 465 1335 Mauriennae
491 1257 686 1351 Comites,
730 1262 841 1361 postca
870 1263 1000 1334 Sabou·
1115 1286 1176 1358 per
1202 1259 1279 1333 vim
1306 1286 1365 1334 cos
1392 1258 1534 1333 adustos
1561 1257 1663 1333 suiffc
1681 1260 1724 1332 ad
1746 1257 1888 1360 ejuran-

231 1357 311 1433 diae
341 1364 475 1443 Duces,
502 1362 770 1437 descenderint.
811 1366 865 1436 At
904 1360 1000 1460 quod
1050 1356 1081 1432 B
1115 1360 1197 1434 dam
1225 1361 1342 1461 gentis
1362 1359 1458 1435 'suae
1492 1365 1651 1462 Legem,
1691 1360 1775 1433 dum
1803 1360 1889 1433 haec

208 1496 214 1507 ‘-
232 1459 279 1535 esi
312 1462 356 1535 ad
393 1465 643 1575 Bereugaq'sm
681 1467 728 1539 11.
765 1461 892 1537 Italiae
930 1467 998 1536 Re·
1121 1460 1183 1534 srbi
1204 1462 1340 1561 gratior
1358 1461 1470 1539 foret.
1497 1463 1677 1537 Interdum
1703 1463 1800 1536 euim
1820 1466 1891 1536 Ec·

233 1588 337 1664 gem,
362 1565 555 1640 isminime
580 1566 700 1684 porgit
728 1565 852 1661 largiri
873 1565 1003 1638 Saban-
1120 1561 1299 1637 elestastici
1345 1563 1416 1637 viri
1464 1564 1772 1655 deprehenduntur
1816 1560 1888 1638 alis

208 1667 330 1739 ·diam
351 1689 411 1742 aut
431 1669 608 1768 potiorem
631 1653 859 1768 epsspartem
875 1665 1003 1741 illustri
1120 1664 1372 1765 potiusquam
1401 1665 1561 1738 Romans
1594 1668 1693 1765 Lege
1727 1661 1796 1738 usi.
1835 1668 1888 1738 Α·

233 1765 290 1841 illi
307 1767 367 1842 suo
387 1770 509 1845 Militi
522 1770 816 1864 Amedeozquod
832 1766 1004 1841 sacilein·
1121 1766 1188 1866 pud
1225 1763 1421 1855 Campium
1457 1767 1496 1840 in
1537 1767 1745 1865 Appendice
1771 1766 1887 1840 Tomi

235 1868 1004 1969 telligetDosiiffimusipseMaffejus,quo·
1120 1867 1228 1967 primi
1264 1868 1398 1943 Histor.
1436 1866 1568 1940 Eccles.
1607 1867 1804 1943 Placentia.
1844 1866 1888 1941 ad

236 1969 456 2071 tiescumque
474 1970 894 2073 recogitet,Sabaudiam
914 1996 1006 2043 nun·
1119 1973 1267 2045 Annum
1293 1973 1634 2045 Dccccxxxnt
1653 1974 1807 2044 Andreas
1825 1971 1887 2042 bn·
2013 1965 2018 1974 ’

235 2098 341 2168 quam
370 2074 412 2145 ad
435 2073 600 2148 Italicum
626 2077 787 2173 Regnum
816 2069 1005 2168 pertinuis·
1119 2073 1209 2142 enisis
1228 2071 1363 2164 sandiae
1388 2071 1613 2156 Deerbancnfis
1648 2071 1804 2157 Ecdessae
1835 2075 1886 2145 E·

235 2170 292 2267 se‚
319 2169 360 2248 ἃ
387 2174 572 2275 praecipue
599 2177 724 2248 Seculo
759 2172 891 2248 Christi
933 2177 1005 2246 De·
1088 2171 1285 2269 piscopos,
1319 2172 1368 2254 dee
1398 2173 1490 2267 filias
1517 2174 1616 2250 bonae
1640 2176 1804 2249 arenariae
1828 2172 1887 2248 (A-

236 2274 334 2350 cimo
371 2296 505 2372 partem
543 2273 643 2351 fuiffe
679 2273 897 2376 Burgundici
936 2278 1006 2348 Re·
1044 2261 1090 2337 C¹
1121 2274 1271 2371 riprandi
1308 2280 1349 2347 de
1381 2277 1445 2348 ioco
1479 2276 1607 2367 Racie,
1646 2282 1730 2374 Lege
1767 2277 1887 2349 vinens

237 2376 320 2478 gni.
359 2377 470 2461 Dixi,
517 2375 646 2454 nudam
672 2379 782 2478 Legis
823 2373 1004 2476 profeffio·
1120 2379 1415 2473 Longoberdorans‚
1436 2376 1623 2475 postremas
1641 2378 1779 2454 tabulas
1799 2403 1886 2451 con·

237 2505 318 2552 nem
346 2479 497 2555 minime
523 2499 659 2556 certum
688 2481 849 2579 praebere
873 2478 1004 2555 Natio·

239 2579 1004 2781 tittszszisiffsffisss‘q‘suffit'

202 2839 206 2845 -
239 2809 348 2882 quum
386 2784 507 2886 agitur
539 2785 582 2860 dc
611 2783 841 2859 Ecclesiastici
867 2781 1004 2859 ordinis

239 2886 354 2978 viris,
400 2904 473 2962 tam
515 2886 757 2962 Saecularibus
785 2887 892 2984 quim
920 2888 1004 2959 Mo·

238 2987 388 3089 nachis;
415 2990 446 3064 ii
472 2990 603 3089 quippe
630 2997 714 3086 Lrge
740 2995 890 3060 Romana
909 3011 1006 3085 rege-

240 3091 391 3181 bantur,
426 3090 479 3167 ita
515 3112 554 3167 ur
580 3089 642 3166 ubi
682 3089 868 3190 quisquam
895 3083 1008 3165 Clero

239 3217 370 3266 nomen
408 3190 508 3268 suum
548 3192 715 3281 dederat,
755 3189 787 3264 is
813 3189 1008 3271 continuo,

240 3289 312 3365 five
339 3293 614 3391 Langobardus,
640 3289 711 3364 sive
737 3295 912 3371 Francus,
939 3288 1009 3362 sire

241 3387 389 3465 alterius
415 3394 531 3491 gentis
551 3388 664 3473 soret,
691 3389 724 3464 se
747 3388 916 3464 Romanis
936 3392 1009 3464 Le·

268 3493 347 3565 ibus
373 3490 553 3566 addietum
582 3490 828 3592 profiteretur.
870 3495 906 3565 A
932 3494 1009 3566 Lu·

241 3517 374 3667 donico
421 3594 487 3669 Pio
532 3594 691 3687 Augusto
741 3592 778 3667 in
823 3594 920 3694 Lege
948 3615 1008 3688 55.

242 3695 469 3794 Langobasd.
502 3696 668 3771 statutum
708 3693 784 3770 esi:
829 3699 872 3769 Ur
910 3696 1010 3767 onnia

245 3803 330 3870 Ordo
355 3797 567 3885 Eccsestarnrn
598 3801 772 3892 leocadiam
796 3803 912 3896 legens
937 3805 1007 3872 Ro-

1119 2476 1195 2551 dis.
1236 2480 1290 2551 En
1331 2497 1372 2554 ut
1414 2479 1480 2553 ille
1516 2480 1630 2554 adhuc
1671 2505 1714 2577 pe
1756 2481 1789 2554 it
1829 2475 1885 2552 uti

1119 2578 1389 2680 Langobardics
1424 2583 1541 2681 Lege.
1588 2579 1684 2655 idern
1721 2579 1886 2655 osenna-

1121 2697 1198 2754 tum
1247 2679 1368 2756 uideas
1408 2680 1453 2754 ab
1493 2684 1632 2756 Acrone
1674 2683 1884 2782 Bergomate

1120 2779 1296 2881 Episcopo
1331 2788 1442 2858 Anno
1480 2786 1678 2860 Muxxn.
1705 2785 1815 2859 Tom.
1847 2808 1884 2879 4.

1122 2884 1203 2957 Ital.
1232 2887 1375 2958 Sacrae.
1401 2888 1450 2956 Et
1475 2882 1600 2959 illese
1627 2883 1814 2985 profitetur
1839 2911 1884 2960 ex

1121 2984 1261 3057 Natione
1295 2985 1357 3074 [aa
1392 2991 1475 3081 Lege
1512 2986 1627 3056 vivere
1659 2989 1886 3079 Langobardo-

1122 3110 1211 3157 eam.
1249 3081 1420 3157 Proseffus
1454 3083 1580 3160 itidem
1618 3081 1690 3159 suit
1715 3087 1887 3159 Nationenr

1050 3169 1087 3240 D
1123 3210 1163 3260 ac
1199 3192 1315 3282 Legem
1349 3189 1544 3258 Francorum
1581 3185 1766 3259 Odclricus
1800 3186 1888 3283 Epi-

1125 3284 1248 3382 scopus
1292 3282 1558 3368 Cremonenfis,
1608 3302 1648 3358 ut
1693 3285 1828 3382 parebit
1868 3312 1888 3361 e

1122 3385 1286 3461 formulis
1312 3384 1454 3461 dicendi
1491 3385 1529 3461 iu
1569 3387 1645 3486 ejus
1670 3385 1808 3464 Charta
1835 3388 1888 3462 le-

1120 3487 1265 3592 gendis,
1301 3489 1400 3588 cujus
1445 3488 1520 3564 auti
1548 3515 1631 3563 uum
1669 3516 1737 3590 apo
1760 3489 1887 3565 rahum

1124 3591 1199 3666 ridi
1225 3591 1263 3665 in
1289 3591 1487 3666 Tabulario
1521 3516 1689 3693 siapituli
1724 3517 1888 3669 dmoni·

1120 3719 1243 3771 corum
1268 3690 1581 3772 Cremonensium.

303 4017 510 4106 Odelricus
541 4017 751 4139 Episcopus
773 4019 1048 4106 Cremonensrs
1074 4017 1360 4106 Monasteriunt
1392 4017 1525 4108 Sausii
1556 4008 1760 4108 Laurentii
1783 4018 1826 4110 iu

366 4137 563 4226 Suburbio
593 4135 783 4225 Civitatis
814 4143 1039 4224 Cremonae
1068 4135 1231 4252 fundat,
1260 4165 1379 4253 atque
1409 4138 1508 4225 illud
1540 4139 1677 4226 mustis
1702 4143 1773 4227 bo·

439 4256 502 4345 nis
531 4259 678 4369 donat,
709 4253 939 4371 quibusdam
972 4255 1263 4344 conditionibus
1292 4261 1495 4347 Abbatem
1526 4261 1565 4344 dc
1597 4261 1694 4368 Mo-

689 4377 836 4464 nachor
867 4375 1158 4491 constringens,
1187 4381 1317 4468 Anno,
1342 4408 1445 4488 990.

353 4612 427 4685 Nno
460 4609 502 4684 ab
545 4614 764 4689 incarnatione
800 4612 934 4686 Domini
957 4638 1012 4684 no·

372 4715 433 4799 liri
450 4717 481 4802 J
482 4713 532 4811 eso
551 4716 671 4804 Chrilii
688 4714 927 4812 Nongenrelirno
943 4723 1011 4787 Νο-

248 4812 427 4909 nagessmo,
453 4815 563 4885 Pridie
584 4819 752 4890 Kalendas
769 4818 892 4911 Junii.
920 4820 1011 4890 indi-

248 4915 352 4987 ssione
377 4914 510 4986 Tereia.
552 4922 636 4990 Dum
660 4922 782 5008 primos
808 4947 844 4992 ae
882 4925 1014 4991 Creator

1125 4610 1207 4684 mini
1232 4612 1272 4682 in.
1292 4606 1346 4684 boc
1371 4614 1482 4685 Secula
1505 4614 1612 4687 viram
1635 4612 1791 4707 coneedit,
1807 4613 1891 4707 sem·

1121 4735 1177 4811 par
1210 4716 1302 4787 debet
1341 4714 1427 4788 iilud
1449 4743 1540 4814 agere
1552 4766 1567 4801 ,
1605 4720 1690 4816 qaod
1715 4723 1785 4790 Deo
1807 4740 1892 4789 acce·

1121 4811 1247 4908 pradise
1275 4815 1321 4900 sit
1347 4817 1390 4888 Θ·
1413 4839 1529 4913 parurn
1562 4846 1676 4891 manas
1704 4825 1772 4891 Deo
1796 4817 1891 4911 offrr-

1124 4944 1179 4991 re.
1210 4923 1299 4991 Unde
1326 4918 1361 4990 in
1385 4920 1439 4993 boc
1464 4923 1572 4994 simio
1594 4943 1777 5018 protegente
1791 4910 1888 4988 Chri·

250 5018 386 5093 omniurn
420 5040 526 5097 rerum
548 5019 738 5112 omniparens
771 5019 930 5096 Dominus
953 5019 1042 5098 aa}
1081 5018 1164 5110 lna
1187 5018 1351 5128 iordanis
1390 5020 1448 5120 effe
1481 5025 1676 5124 reprimor,
1720 5020 1766 5090 0
1788 5013 1887 5108 ,qaod
