4222 6006
1479 138 1496 221 'I

410 313 503 422 ⁶87
719 281 1641 430 Aurrgnrrmeonnrur
1851 311 1940 403 ‘aar

344 417 418 488 oleo
443 425 612 522 leneiffime
637 456 675 498 ex
693 429 810 504 lentis.
837 439 882 503 co
901 431 964 524 fier
988 432 1115 528 conqni-
1156 433 1189 503 A
1234 433 1537 523 reparatemur,
1564 430 1747 524 &pensat
1781 436 1907 528 equale,
1945 425 1997 508 b-

344 521 425 593 lium
451 555 490 597 ex
515 558 620 602 mare.
660 533 722 604 tal
747 560 784 604 ex
809 562 917 607 mara.
959 541 1025 605 Hec
1050 561 1114 603 am-

346 626 404 698 nia
428 630 685 729 presignavinrus
709 635 899 706 tinblianum
926 636 1113 716 calliarum,

348 752 480 823 quarum
514 744 582 808 Ree
583 789 777 811 ......
812 738 937 831 lapides
968 740 1113 826 predixi·

348 858 439 922 mus,
467 840 621 919 metalla,
647 839 934 930 baluminarianes‚
976 838 1113 920 barbas,

349 959 431 1029 quas
458 939 663 1029 inveniatur,
699 965 751 1034 qu.
779 993 789 1013 .
815 984 863 1014 .·.
891 993 901 1012 .
927 969 965 1010 ex
998 941 1115 1024 refinar

349 1039 453 1119 colea,
494 1039 610 1123 ressnar
647 1063 747 1114 terras
760 1069 781 1128 ,·
816 1043 897 1143 quid
920 1043 962 1129 esl
985 1042 1113 1133 sulfur,

346 1142 437 1219 ¹elea,
463 1168 548 1238 aqua
566 1170 682 1237 negra,
709 1169 808 1240 aquas
826 1145 1031 1240 asmaginar‚
1057 1144 1114 1213 vi-

342 1241 459 1333 scum,
485 1243 532 1322 ὼ
559 1246 665 1315 omnia
687 1245 924 1334 plantationum
959 1246 1113 1340 agralia,

1232 535 1408 622 dextende‚
1436 532 1483 610 (J
1508 564 1530 606 a
1550 532 1657 626 forfice
1683 534 1811 621 recide,·
1836 532 1881 611 (φ
1902 534 1998 626 super·

1235 633 1321 728 ipsas
1346 634 1552 725 capillatam
1577 638 1681 732 capud
1705 637 1751 707 ad
1772 639 1874 731 capud
1896 649 1996 728 pana·

1234 757 1288 805 tur
1313 733 1361 813 &
1387 741 1531 809 batrarur
1555 765 1653 809 manu
1677 765 1743 808 una
1783 736 1916 824 lebiter‚
1953 737 1998 803 (9¹

1191 925 1194 930 ι
1234 837 1382 909 mittatur
1408 838 1442 908 in
1467 839 1549 912 alea.
1590 844 1640 911 Et
1675 841 1838 936 postquam
1857 837 1936 929 [unt
1960 836 2001 906 de

1235 939 1291 1009 ille
1325 937 1393 1009 olla
1429 943 1514 1036 petie
1545 941 1717 1038 sexaginta
1751 961 1907 1038 quatuor,
1953 937 2001 1006 (9·

1231 1039 1334 1135 pellea
1355 1040 1536 1134 suriscula
1571 1063 1769 1133 eramentea,
1810 1040 1857 1122 eit
1877 1040 2002 1134 semper

1233 1167 1301 1210 enm
1322 1141 1456 1233 scalda,
1494 1143 1542 1222 (t
1582 1147 1677 1217 aliud
1700 1170 1825 1216 eramen
1847 1165 1927 1237 pone
1952 1139 2000 1210 ad

1233 1245 1351 1312 battere
1388 1270 1455 1313 una
1479 1244 1565 1339 petia
1590 1246 1718 1338 desuper
1757 1248 1801 1315 θ’
1835 1270 1899 1313 una
1937 1243 1999 1310 de-

349 1343 395 1415 &
419 1344 547 1424 amnia,
574 1372 631 1440 que
652 1347 876 1441 germinantur
902 1345 950 1424 ἔφ’
969 1346 1113 1430 domelli-
1162 1338 1189 1408 B
1228 1347 1361 1439 subtus.
1402 1350 1450 1415 Et
1476 1349 1622 1441 quomoda
1656 1349 1754 1419 barris
1789 1373 1826 1414 ex
1850 1341 2000 1414 martelle

348 1445 393 1514 cis
420 1446 465 1513 &¹
489 1444 643 1517 marinis.
670 1454 752 1518 Cera
771 1449 919 1541 alpium,
946 1449 1113 1540 axungia:

347 1572 502 1642 aquarum
528 1569 633 1617 autem
650 1548 759 1619 dulcia
778 1549 984 1620 omniaeiem:
1009 1549 1113 1643 ligna·

344 1672 419 1718 rum
444 1654 519 1718 verb
542 1648 666 1743 pirrus,
687 1648 887 1744 salsepinus,
910 1651 1113 1746 giniperum‚

349 1747 547 1845 Cipariffus,
574 1750 674 1820 cinere
699 1773 825 1833 autem,
856 1755 976 1848 glande
1005 1754 1048 1822 (9⁶
1068 1750 1114 1843 fi·

350 1877 433 1923 cus:
471 1852 609 1922 onmium
651 1851 777 1938 illarum
818 1854 1043 1949 requistriarum
1078 1881 1116 1923 ne

352 1979 433 2048 aque
459 1954 589 2047 recipit,
616 1979 667 2047 qu.
694 2005 704 2024 .
731 2009 740 2026 .
767 2008 777 2026 .
805 2009 814 2027 .
841 1984 878 2025 ere
904 1957 998 2026 urina
1018 1979 1116 2046 expu-

352 2074 441 2126 mata
466 2073 585 2126 acetum
612 2082 679 2125 cum
696 2084 781 2151 aqna
797 2058 978 2146 pluviabile
1001 2084 1116 2152 aquam

1231 1446 1330 1539 plano
1354 1467 1465 1519 tantae
1490 1474 1602 1519 manus
1619 1453 1659 1518 de
1678 1449 1734 1517 ella
1751 1447 1872 1535 eapite,
1890 1468 1998 1538 quarr-

1234 1568 1285 1616 rae
1309 1555 1349 1617 de
1375 1548 1456 1620 r'lla.
1493 1555 1542 1619 Er
1576 1552 1722 1645 quomoda
1746 1548 1850 1640 erescit
1884 1541 1998 1637 [emisa

1229 1647 1336 1737 prima
1361 1649 1459 1718 recide
1485 1650 1572 1720 illud
1578 1677 1595 1719 .·
1629 1653 1674 1719 (9
1703 1671 1785 1739 pone
1818 1673 1916 1718 unum
1936 1645 1998 1735 su-

1229 1769 1405 1843 perunum
1431 1749 1524 1843 usque
1550 1751 1584 1821 in
1609 1752 1706 1822 tertia
1731 1755 1817 1820 vice.
1857 1747 1931 1833 Poll
1959 1745 1999 1815 in

1232 1851 1296 1920 aleo
1321 1851 1491 1920 mittatur:
1532 1853 1576 1920 (9⁴
1611 1852 1732 1942 semper
1771 1875 1893 1920 eramen
1917 1850 1999 1938 pla·

1234 1971 1354 2024 eantur·
1369 1953 1413 2020 (9
1436 1950 1530 2024 aliud
1551 1950 1752 2047 jungantur,
1780 1947 1826 2026 (r
1847 1949 1998 2020 tandium

1233 2056 1398 2134 battatur,
1438 2073 1477 2124 ut
1511 2059 1551 2124 dr
1585 2054 1641 2124 ille
1675 2050 1744 2125 olla
1778 2050 1882 2148 petiae
1907 2048 1999 2121 milla

351 2176 428 2228 ante
469 2155 590 2252 primus
629 2159 740 2235 ,onznia
786 2158 850 2243 ⁴illa
895 2159 1116 2250 prediximus.
1234 2159 1391 2226 XXVIII.
1419 2159 1467 2225 Et
1493 2154 1659 2226 circinetur
1684 2138 1769 2224 illud
1806 2180 1828 2226 a
1861 2149 1997 2242 sambri,

352 2261 455 2328 Modo
490 2278 594 2327 autem
627 2260 723 2348 plena
754 2261 895 2350 mensura
921 2311 1116 2333 ......
1155 2238 1191 2319 C
1233 2253 1281 2334 (φ
1321 2256 1386 2347 ipse
1421 2256 1577 2328 circinant
1616 2255 1765 2352 restringe
1794 2257 1828 2325 in
1853 2274 1998 2349 pannum

352 2362 428 2430 Lib.
459 2365 500 2430 X.
527 2361 693 2431 leuterius
719 2363 792 2433 Lib.
822 2367 884 2434 III.
910 2369 1003 2433 Cant.
1032 2417 1041 2434 .
1069 2415 1079 2434 .
1106 2415 1114 2432 .

352 2482 458 2532 aurem
492 2461 567 2532 Lib.
605 2467 680 2533 XII.
721 2465 794 2534 Cal.
823 2517 831 2536 .
859 2516 904 2537 ..
947 2469 1002 2537 w.
1039 2465 1116 2549 idell

351 2563 429 2631 Lib.
457 2568 528 2633 XL.
555 2565 753 2653 Temperatia
793 2585 898 2636 autern
933 2566 1014 2636 aceti
1045 2594 1114 2634 cum

346 2688 433 2752 aqua
455 2685 513 2751 pra
540 2664 784 2728 inluminatione
809 2673 854 2729 ad
886 2666 940 2729 ba.-
965 2714 975 2733 .
1002 2716 1011 2740 ‚
1039 2715 1049 2738 .
1076 2715 1087 2736 .

563 2863 618 2935 De
648 2863 771 2935 Petalo
797 2862 893 2936 auri.

341 3108 350 3116 ·
399 3067 561 3165 Quomodo
586 3068 734 3139 Petalum
759 3068 832 3142 auri
863 3066 947 3160 fiat.
981 3077 1113 3142 Aurum

342 3172 542 3263 ,Bizanrium
568 3182 604 3257 -ξι
633 3175 660 3244 I.
687 3176 871 3267 Argentum
897 3175 1049 3241 mundum
1064 3170 1110 3257 fi·
1157 3155 1189 3224 D

345 3294 398 3343 aur
424 3325 433 3344 .
460 3327 470 3344 .
499 3325 509 3346 .
537 3294 610 3367 ...ja
637 3276 665 3344 I.
692 3273 845 3363 commisce
865 3274 899 3343 in
918 3299 1040 3364 unum,
1069 3275 1113 3344 (9

341 3393 462 3468 purgat
497 3375 592 3444 illum
626 3397 684 3470 prr
714 3376 900 3464 plumbum.
954 3379 1004 3445 Er
1045 3374 1112 3465 pasl

339 3473 466 3562 fundes
491 3476 604 3545 exinde
627 3476 802 3562 commisce,
829 3491 877 3550 (9¹
894 3476 982 3546 batte
999 3477 1109 3549 larmi-

344 3600 388 3642 na
397 3600 418 3658 ,·
443 3572 491 3648 ό*
515 3578 584 3662 post
609 3575 670 3644 illa
696 3575 825 3645 battuta
844 3576 1009 3662 subtiliter
1034 3577 1108 3647 reci·

342 3675 383 3744 de
409 3672 501 3741 illam
523 3692 581 3764 per
601 3672 730 3766 pensum
749 3674 969 3768 usqueeumque
986 3677 1107 3767 tremis·

336 3773 387 3867 ser
414 3772 592 3868 Bizantir'.
633 3777 681 3844 Er
716 3774 878 3872 pnllquanr
901 3774 1035 3867 perfelli
1060 3775 1108 3858 ῤ’

208 3870 215 3887 ’
341 3875 504 3973 qualiter:
540 3873 586 3955 (φ
622 3873 672 3959 se·v
692 3904 758 3949 una
801 3877 898 3973 langa
923 3879 1025 3968 fuerit
1049 3900 1108 3952 aur

341 3999 451 4058 curta,
477 3998 534 4071 per
559 3980 738 4051 martellum
764 3981 946 4075 adequetur.
976 3985 1107 4052 tanede

340 4079 445 4146 latum
470 4079 564 4170 qudm
590 4081 629 4144 de
654 4081 803 4168 longum,
838 4079 960 4175 fiqua
980 4084 1104 4174 suerit.
1156 4059 1184 4131 Ε

338 4183 392 4253 Dr
410 4178 467 4248 ille
487 4187 523 4260 οξ·
556 4178 658 4265 duas,
678 4177 742 4247 alla
758 4179 862 4272 petiae
874 4180 953 4269 fieri
969 4185 1104 4260 debent.

340 4284 498 4354 Scaldata·
532 4281 589 4350 illa
628 4283 662 4351 t'n
698 4278 766 4370 foca
779 4328 791 4362 ,
818 4277 926 4358 bane.
968 4286 1011 4350 (9
1036 4310 1105 4358 tene

335 4381 425 4453 ilina
463 4410 530 4454 cum
569 4384 694 4454 tenalea
728 4382 852 4475 ferrea,
895 4377 942 4459 ὧ
978 4410 1104 4481 cumque

339 4480 488 4575 barris,.
498 4484 560 4577 sed
593 4506 739 4556 tornatur
771 4489 811 4557 de
837 4485 920 4556 intra
946 4484 980 4554 in
1017 4484 1104 4575 faras

215 4677 219 4687 ι
336 4599 373 4648 ut
391 4593 503 4655 'turrae
539 4586 574 4656 in
610 4589 712 4657 madia
736 4590 782 4662 ad
813 4589 904 4679 paris
929 4609 1016 4675 rat,·
1055 4586 1103 4665 (J

333 4685 474 4776 quando.
486 4687 615 4772 crescens
629 4689 746 4780 *emisee
770 4716 896 4780 unum,
931 4690 1040 4760 recide,
1058 4687 1100 4755 il-

331 4784 383 4857 las
407 4779 513 4875 super
549 4789 710 4856 cultellum
743 4810 800 4884 per
836 4791 966 4883 pensum
991 4788 1101 4859 tertias

330 4887 439 4972 vicet,
477 4880 535 4963 ὅγ’·
562 4882 596 4957 in
633 4908 748 4974 quarta
785 4889 883 4957 viaet.
909 4891 968 4959 ubi
992 4891 1101 4986 equale

324 4989 433 5081 penset
459 4986 578 5081 super,
599 5000 723 5080 totum,
752 4987 803 5062 θ’
832 4988 991 5088 plicarum
1017 4993 1101 5066 illud

1231 2357 1370 2438 lineum,
1405 2359 1561 2429 ardebat
1586 2361 1695 2431 ardere
1730 2359 1764 2429 in
1793 2355 1863 2452 ipla
1886 2354 1998 2444 sarna-

1231 2485 1284 2540 ee,
1310 2460 1365 2530 ubi
1388 2461 1529 2555 petalum
1556 2461 1715 2533 mittitur.
1738 2463 1800 2530 Ee
1835 2457 1905 2549 ipsa
1927 2455 1996 2546 {rr-

1231 2587 1305 2631 naee
1329 2564 1422 2638 deber
1439 2560 1519 2652 fleri
1550 2565 1644 2653 pedes
1676 2565 1755 2633 duas
1789 2561 1859 2633 alta
1883 2588 1907 2632 a
1932 2579 1998 2629 ter-

1229 2684 1302 2745 rap
1344 2663 1392 2729 (9
1419 2684 1559 2757 ponatur
1593 2666 1704 2761 tegula
1737 2662 1865 2759 pertusa
1900 2660 1997 2754 super

1228 2786 1351 2831 murum
1376 2768 1415 2832 de
1440 2789 1503 2832 uno
1527 2766 1648 2855 lutere,
1675 2786 1738 2836 tres
1761 2762 1910 2860 pertusa,
1946 2760 1994 2841 &⁹

1228 2863 1268 2930 de‘
1293 2861 1359 2932 alia
1383 2880 1466 2952 tres,
1502 2864 1620 2944 &in
1657 2868 1759 2937 media
1785 2892 1907 2969 unum,
1949 2866 1995 2936 (9¹

1229 2962 1300 3035 alia
1324 2966 1433 3060 tegula
1456 2986 1594 3060 ponatur
1627 2968 1725 3064 [uper
1754 2964 1873 3064 sennffe
1896 2994 1994 3039 unum

1227 3064 1332 3136 altum
1365 3096 1387 3138 a
1413 3086 1525 3148 terra.
1560 3068 1608 3148 (9¹,
1645 3072 1820 3161 pertundat
1864 3068 1931 3166 ipsa
1958 3071 1994 3139 r'n

1228 3165 1329 3235 media
1354 3167 1416 3238 loca
1442 3165 1490 3245 &⁴
1516 3189 1640 3247 eterra
1664 3172 1793 3265 pertusa
1809 3179 1893 3243 unde
1913 3172 1992 3242 mit·

1229 3286 1342 3341 tantur.
1362 3269 1479 3363 ligna,
1506 3269 1550 3339 (9
1575 3272 1712 3345 denante
1736 3277 1819 3346 unde
1844 3274 1993 3346 mittatur

1228 3394 1364 3439 aurum:
1402 3369 1449 3449 ό*
1487 3370 1589 3466 ipsum
1614 3401 1725 3447 aurum
1758 3379 1870 3448 debeas
1896 3402 1993 3448 cume·

1229 3496 1309 3540 mere
1332 3472 1373 3542 de
1392 3469 1512 3562 semum
1538 3477 1689 3549 bovinum
1725 3479 1884 3549 munditer
1909 3475 1993 3568 fiere

1228 3569 1275 3649 &⁴
1302 3577 1341 3642 tlt
1369 3571 1482 3663 lala..
1507 3578 1552 3647 (9
1585 3581 1679 3674 quale
1703 3585 1775 3672 arla
1799 3580 1879 3650 trita
1907 3579 1993 3663 fient

1227 3669 1328 3743 ninere
1363 3676 1516 3768 commisce
1551 3683 1585 3748 in
1617 3682 1724 3777 prima
1763 3702 1867 3753 vetere
1891 3681 1994 3752 cinere

1227 3773 1395 3858 mittatur,
1423 3777 1466 3848 <⁸7
1486 3779 1683 3867 infecunda
1719 3811 1832 3870 nerva,¹
1867 3780 1916 3860 &¹
1957 3780 1992 3851 in

1227 3876 1325 3952 tertia
1346 3906 1367 3951 a
1384 3877 1491 3961 finiti
1500 3871 1730 3966 seruicianmr.
1759 3887 1808 3949 Er
1824 3883 1994 3977 postquam

1225 3972 1365 4066 petalum
1391 3979 1554 4055 caloratum
1584 3978 1705 4067 fuerit,
1740 3984 1897 4077 quidquid
1937 3983 1993 4056 la·

1228 4077 1336 4152 barare
1360 4079 1497 4152 volueris
1522 4081 1757 4152 deaurationem
1781 4086 1884 4179 parali
1922 4112 1991 4156 cunr

1227 4183 1319 4254 bluta
1343 4188 1383 4253 de
1406 4186 1497 4254 aburn
1518 4183 1749 4279 gallinacium.
1778 4189 1824 4256 Et
1845 4184 1989 4271 fideau-

1227 4283 1348 4352 rarione
1373 4283 1458 4353 vitri
1480 4285 1577 4373 luerit
1590 4333 1600 4367 ,
1623 4284 1668 4370 fic
1688 4285 1858 4371 similiter,
1890 4285 1936 4365 (t
1956 4286 1991 4372 st

1225 4381 1429 4455 deauratione
1471 4388 1595 4482 lignum
1622 4388 1752 4476 suerit,
1791 4415 1857 4458 cunr
1896 4388 1991 4482 gipso
2041 4430 2044 4434 ‡

1227 4485 1317 4555 quta
1340 4483 1500 4574 saciatur.
1527 4489 1657 4561 Corium
1681 4489 1840 4560 taurinum
1859 4493 1991 4561 crudunr

1227 4588 1427 4681 capellatur,
1466 4587 1514 4669 (θ’
1541 4588 1660 4663 bulliat
1699 4591 1733 4660 in
1762 4594 1904 4663 cacabum
1931 4617 1990 4661 ne-

1226 4715 1305 4758 vum
1329 4717 1397 4760 eum
1423 4717 1527 4784 aqua,
1555 4691 1604 4771 θ’
1624 4690 1783 4784 deserbeat
1800 4693 1865 4764 dier
1888 4697 1990 4776 duos,

1228 4787 1273 4866 dr
1309 4808 1373 4858 tres
1412 4791 1480 4862 dies
1517 4816 1670 4890 temperas
1696 4822 1763 4866 cunr
1785 4794 1901 4892 gipso,
1942 4794 1991 4873 &¹

1228 4889 1261 4960 in
1287 4888 1395 4984 ligna,
1421 4916 1479 4966 aut
1502 4895 1561 4966 rbi
1584 4895 1745 4984 valueris.
1778 4896 1885 4986 sacer:
1928 4900 1993 4968 tal·

1225 4995 1271 5062 let
1304 4992 1421 5088 pellem
1463 4997 1503 5068 de
1538 4996 1677 5093 squatru
1720 4999 1880 5098 quadriga
1923 5027 1993 5078 rura

1834 5103 1950 5199 nsun-
