4216 6014
287 381 344 481 33
504 380 507 385 ·
602 366 616 383 ··
631 353 1010 449 nummario
1023 317 1451 441 'nnernnnouns
1745 359 1804 468 '34

229 478 384 557 turnenfi
410 474 601 554 Coenobio
628 505 704 578 pag.
730 491 816 574 4⁶4.
837 480 931 551 Part.
942 478 989 549 Π.
1023 476 1060 548 Α
1099 469 1241 545 inveiia
1275 496 1430 566 unquam
1465 467 1622 546 fuerint.
1662 473 1768 547 Certe
1794 481 1862 547 Pa·

230 580 344 655 Tomi
365 581 395 654 Ι.
420 586 499 655 Rer.
522 580 675 656 Italicae.
700 581 850 679 legitote
882 582 991 673 Neque
1091 573 1250 667 stuariam
1269 569 1424 671 veiiigal
1444 570 1637 646 fuit'Fisco
1661 573 1861 674 persolven-
1900 588 1904 596 '

230 683 443 755 Placiatirum
479 682 578 782 (pro
601 682 757 779 Platea)
796 679 991 754 Ponatieum
1097 674 1211 763 dnm,
1252 699 1365 771 neque
1399 668 1592 755 diffinite,
1629 683 1671 748 ut
1712 703 1791 750 reor
1817 680 1861 752 ab

231 780 322 880 (pro
348 782 489 882 Portis)
517 785 725 856 Pontanicum
753 781 843 881 (pro
865 780 990 853 Ponti·
1097 776 1242 869 Esrarieo
1267 793 1329 847 aut
1355 770 1549 861 Herbatieo,
1578 774 1625 845 ob
1652 777 1862 854 animalium

232 882 603 981 builcasaricumipro
620 882 811 983 Domibus)
829 882 991 979 quisquam
1099 875 1267 976 pasturam
1306 874 1346 949 in
1384 872 1505 974 Regiis
1541 877 1763 961 nemoribus,
1800 899 1863 955 aut

232 983 344 1073 homo,
379 1005 437 1059 aut
472 987 617 1080 publicae
653 985 699 1055 rei
732 985 855 1059 exaiior
880 985 987 1055 toliere
1099 976 1218 1052 census
1246 977 1393 1051 domino
1418 973 1781 1076 sylvaependendus.
1801 988 1862 1056 A·

231 1107 290 1158 eor
314 1085 435 1180 exigere
457 1087 661 1181 praesumat.
702 1085 744 1159 In
773 1082 991 1184 Diplomatis
1095 1081 1202 1176 grarii
1226 1086 1370 1178 quoque
1394 1077 1530 1152 mentio
1550 1079 1618 1160 est,
1637 1103 1772 1179 'nempe
1795 1084 1863 1156 tri-

231 1191 317 1260 verb
344 1192 556 1260 Francorum
583 1185 830 1287 ‘Augustorum
858 1210 993 1262 memo·
1100 1181 1179 1256 buti
1204 1179 1261 1255 ieu
1289 1179 1429 1262 census,
1464 1178 1654 1280 persoluti,
1695 1186 1736 1257 u't
1763 1182 1864 1259 vide-

230 1305 306 1377 rata
343 1287 448 1360 video
488 1289 692 1368 Rotaricom,
709 1361 713 1373 ,
728 1287 992 1382 Puluerarimm,
1100 1301 1184 1363 tur.
1218 1309 1239 1356 a
1276 1279 1471 1357 Pastoribus
1512 1285 1558 1356 ob
1584 1280 1708 1357 orium
1736 1283 1860 1386 pasena

230 1388 476 1481 cespitaticum,
491 1390 744 1481 Exclusaricum,
764 1389 992 1467 Namarienm,
1035 1381 1063 1452 B
1101 1383 1141 1456 in
1167 1382 1258 1483 agris
1285 1382 1448 1485 publicis·
1472 1403 1534 1459 aut
1564 1383 1739 1485 privatis,
1774 1386 1866 1463 dum

231 1490 449 1570 Robustum,
477 1491 710 1572 Medionem,
732 1485 910 1570 thicum,
929 1495 992 1559 Sa·
1102 1510 1158 1558 ens
1183 1484 1306 1558 itineri
1334 1488 1441 1584 longo
1468 1488 1761 1564 committerent.
1789 1494 1862 1563 Ve-

232 1591 433 1683 lutaticum,
475 1597 719 1674 Tmoleticum,
758 1591 992 1670 coenaticum,
1101 1584 1242 1685 &igniis
1269 1605 1330 1660 aut
1355 1588 1482 1661 Oneris
1517 1586 1615 1665 istius
1649 1591 1787 1667 mentio
1813 1592 1861 1665 est
1978 1601 1987 1616 “

231 1697 451 1774 Furtim,
491 1693 687 1765 Mutarirum
700 1722 712 1774 ¹,
754 1693 992 1788 tendericum,
1101 1687 1140 1758 in
1167 1684 1387 1784 subsequenti
1415 1689 1643 1786 Diplornate,
1669 1692 1765 1792 quod
1791 1692 1865 1769 mi·-

232 1792 640 1893 aliaque·.Veiiigalium
667 1813 730 1869 aut
756 1795 992 1867 Tributorum
1101 1785 1371 1886 biprocuravit
1397 1789 1565 1863 bonanum
1588 1792 1796 1869 Liternum
1825 1822 1867 1868 a.-

233 1887 369 1990 bispida
398 1895 565 1977 nomina.
604 1920 693 1988 quae
719 1894 833 1966 libens
862 1912 995 1988 praete·
1103 1887 1337 1963 mantiffimus
1363 1887 1496 1963 Comes
1524 1892 1729 1968 Ludovicus
1761 1895 1864 1972 Cais-

232 2016 316 2084 reo,
356 1992 453 2092 quod
493 1990 667 2075 nesciam,
707 2018 751 2065 an
787 1992 826 2065 in
854 1993 996 2065 ltaliam
1101 1986 1241 2082 sottus,
1281 1994 1426 2065 Senatus
1453 1991 1677 2068 Taurineniir
1705 1995 1863 2072 Praeies.

274 2196 540 2328 ⁴Immuuitas
568 2251 595 2310 a
624 2221 786 2337 publicis
808 2164 1286 2337 ,Vettigatibueeoieetta
1316 2160 1542 2311 hominibus
1574 2156 1803 2321 Monallerii

523 2341 807 2442 Novalicienfis
836 2372 860 2428 a
892 2343 1163 2443 carlomanno
1192 2348 1437 2439 Francorum,
1465 2345 1576 2455 Rege

606 2462 609 2469 ’
753 2469 876 2550 Anno
906 2464 982 2548 eh.
1015 2465 1112 2574 768.
1143 2485 1211 2547 aut
1240 2474 1341 2574 769.
1666 2467 1669 2470 ’

230 2719 257 2800 ’,’,
357 2710 598 2782 »Arlomanmrs
644 2709 758 2809 gratia
806 2708 875 2784 Dei
916 2715 992 2784 Rex
1032 2705 1066 2781 C
1103 2761 1128 2798 „
1155 2706 1197 2780 ad
1225 2705 1302 2806 ipso
1332 2706 1572 2790 Monasterio‚
1607 2725 1668 2784 ant
1693 2711 1862 2788 adducere

231 2836 256 2900 ,‚·
397 2815 633 2898 Francorum,
651 2815 718 2884 Vir
731 2811 898 2902 illustris,
915 2839 992 2884 om·
1102 2862 1127 2898 „
1153 2807 1462 2900 videntur‚‘uullo
1479 2809 1666 2885 Tbeloneo
1684 2840 1747 2888 nec
1769 2818 1862 2888 Pon-

231 2940 257 3000 ς,
283 2910 387 2983 nibus
423 2910 632 3014 Episcopis',
660 2913 887 2996 Abbatibus,
914 2911 992 2988 Co·
1102 2965 1126 3001 ‚‚
1153 2909 1287 2991 tatico,
1306 2928 1367 2985 aut
1385 2913 1459 2985 ulla
1477 2910 1690 2988 redibitione
1709 2915 1753 2990 de
1770 2913 1863 2998 boe,

230 3063 256 3102 „
282 3009 465 3101 mitibus,
508 3014 695 3097 vicariis,
736 3014 990 3097 centenariis,
1102 3065 1127 3102 „
1153 3010 1249 3110 quod
1269 3010 1388 3087 Fiscus
1406 3011 1518 3088 nolier
1536 3014 1689 3112 recipere
1708 3018 1766 3092 vel
1787 3015 1862 3117 spe-

229 3163 254 3202 ‚‚
282 3113 339 3184 vel
374 3139 497 3187 omnes
532 3117 658 3190 Missos
694 3115 826 3191 nostros
861 3116 991 3212 ubique
1102 3165 1127 3202 ,‚
1151 3140 1228 3188 rare
1248 3133 1407 3213 poterat,
1426 3133 1499 3188 tam
1519 3114 1562 3188 de
1580 3119 1717 3199 Curru,
1737 3140 1867 3215 quam⁴

229 3263 255 3302 „
280 3211 563 3289 discurentibus.
601 3216 828 3311 illud-&enim
859 3221 901 3290 ad
926 3217 991 3290 lia-
1103 3240 1222 3308 „que
1257 3214 1300 3285 de
1335 3219 1509 3303 saumas,
1544 3213 1614 3287 live
1649 3217 1691 3288 de
1728 3219 1870 3301 Navali

230 3362 256 3402 „
284 3311 463 3384 bilitatem
516 3315 631 3413 Regni
674 3316 781 3392 nostri
824 3316 1000 3414 proficere
1104 3363 1128 3401 ‚,
1157 3311 1347 3412 Remigio,
1383 3309 1422 3385 &
1458 3312 1551 3412 quod
1586 3314 1630 3388 ad
1665 3315 1764 3392 dorsa
1798 3317 1873 3394 usu.

229 3463 256 3503 „
283 3413 482 3491 credimus,
522 3413 547 3485 ii
585 3415 624 3487 id
658 3414 753 3512 quod
789 3415 990 3490 Sacerdotes
1103 3463 1129 3500 „
1155 3411 1317 3486 homines
1341 3433 1561 3512 comportare
1588 3415 1775 3504 videntur,
1800 3430 1864 3495 aut'

228 3515 342 3610 „per
375 3511 679 3611 opportunitatem
715 3515 857 3590 auribus
892 3522 989 3592 Sere·
1102 3563 1128 3602 „
1155 3511 1198 3586 de
1218 3538 1343 3588 eorum
1369 3538 1515 3613 pecora,
1539 3519 1597 3590 vel
1621 3516 1664 3592 de
1687 3519 1864 3616 quibusli-

228 3666 254 3706 „
282 3613 407 3686 nitatis
434 3614 565 3689 nolirae
591 3613 838 3715 suggesserint,
873 3617 988 3692 liben·
1033 3629 1067 3698 D
1104 3665 1129 3704 ‚‚
1157 3615 1217 3688 bet
1246 3613 1353 3688 causrs
1380 3619 1504 3706 nulla,
1538 3635 1579 3692 ut
1605 3617 1789 3715 diximus,
1823 3649 1869 3697 e·
1989 3660 1999 3678 ·

227 3715 310 3806 „ti
337 3715 456 3787 animo
479 3717 783 3808 obtemperamus,
807 3715 847 3792 ἃ
871 3719 913 3792 ad
938 3717 989 3793 ef-
1044 3739 1045 3742 ’
1104 3715 1263 3806 „xinde
1290 3715 1424 3790 solmre
1449 3744 1514 3792 nee
1539 3719 1679 3794 reddere
1705 3723 1863 3798 nonde·

226 3866 254 3907 ,‚
280 3814 410 3889 fertum
433 3816 672 3916 perducimus.
690 3819 807 3918 Igitur
824 3819 987 3893 omnium
1103 3867 1128 3906 ,‚
1154 3818 1288 3893 beant.
1328 3820 1516 3916 Propterea
1553 3847 1613 3916 per
1647 3823 1862 3921 praesentem

227 3952 254 4008 ᾗ,
280 3914 439 3991 fidelium
456 3918 649 3993 nostrorum
664 3920 874 4021 magnitudo
889 3947 988 3995 com·
1102 3967 1127 4006 „
1154 3917 1404 3993 auiloritatem
1430 3919 1578 3993 nostram
1604 3922 1784 4020 jubemus,
1806 3947 1864 4004 at-'

227 4068 254 4108 ‚,
280 4017 420 4116 perlat,
456 4021 610 4117 qualiter
635 4048 698 4096 nos
728 4048 792 4118 pro
819 4024 987 4099 mercedis
1101 4068 1127 4107 ‚‚
1154 4045 1221 4117 que
1247 4019 1396 4093 omnino
1423 4021 1684 4121 praecipimus,
1713 4048 1753 4101 ut
1779 4031 1861 4103 nul·
1985 4075 1991 4085 ·

226 4118 413 4211 „nostrae
448 4140 675 4221 augmentum
701 4123 825 4196 taliter
851 4123 895 4199 ad
929 4151 989 4224 pe·
1102 4167 1126 4207 2,
1152 4121 1208 4192 lus
1233 4119 1403 4218 quislibet
1438 4121 1481 4196 de
1509 4122 1609 4198 vobis
1646 4145 1707 4200 aut
1733 4128 1775 4200 de
1800 4134 1861 4218 Ju-

225 4268 253 4312 „
279 4220 448 4295 titionem
477 4223 671 4298 venerabili
694 4223 774 4298 oiri·
790 4229 915 4296 Damno
931 4234 988 4298 A·
1101 4269 1125 4309 ,‚
1151 4219 1298 4296 diciaria
1334 4222 1526 4320 potestate,
1561 4223 1631 4301 live
1665 4229 1708 4300 de
1741 4229 1858 4304 M‘sffis

149 4391 150 4394 ,
226 4370 252 4414 ,,
294 4324 397 4396 roario
423 4327 553 4398 Abbati
584 4328 632 4399 ad
656 4327 740 4416 Casa
774 4324 892 4399 Seniii
925 4333 993 4399 Pe-.
1100 4369 1125 4410 ‚‚
1151 4321 1300 4404 nostris,
1328 4343 1368 4396 ut
1393 4323 1576 4409 diximus,
1611 4326 1705 4428 ipsos
1740 4330 1859 4407 bomi-

226 4471 252 4514 ‚‚
276 4426 325 4494 tri
367 4427 538 4498 Novalieio
581 4426 772 4514 Monallerii
821 4426 987 4504 concelii-
1100 4474 1125 4516 „
1152 4449 1211 4497 nes
1231 4443 1427 4499 memorato
1441 4427 1599 4514 Abbati,
1618 4429 1758 4528 ejusque
1769 4435 1859 4508 Suc·

226 4573 252 4614 ‚‚
278 4552 383 4617 mus,
418 4546 459 4600 ut
484 4527 578 4602 infra
606 4533 725 4629 Regna
753 4533 831 4602 Deo
867 4530 986 4630 propi·
1022 4535 1052 4605 E
1100 4574 1126 4615 2,
1151 4526 1365 4617 eelioribus,
1401 4528 1464 4625 qui
1499 4529 1541 4602 ad
1576 4527 1653 4628 ipso
1681 4533 1858 4610 Monafle·

228 4628 337 4716 „rio
363 4628 502 4717 nostra,
539 4631 738 4729 ubicunque
772 4629 836 4730 ipss
868 4631 985 4706 homi·
1101 4674 1126 4720 „
1152 4627 1207 4701 rio
1233 4627 1430 4726 aspiciunt,
1457 4630 1583 4720 nullo,
1612 4631 1859 4732 ut'diximus,

125 4822 130 4830 ,
228 4751 340 4816 „nes
365 4730 571 4806 Monallerii
600 4733 763 4833 proejus
789 4731 984 4808 utilitatem
1066 4729 1074 4866 1
1100 4777 1126 4820 ‚,
1150 4731 1336 4812 teloneo,
1359 4754 1424 4803 nec
1448 4730 1660 4827 Pontatico,
1680 4734 1750 4812 five
1775 4742 1862 4814 Poo-

227 4830 532 4926 „negotiandum
577 4835 803 4933 perennius,
845 4836 986 4911 aut-'de
1020 4880 1023 4885 ·
1067 4830 1291 4967 perintho,
1327 4848 1390 4907 aut
1414 4832 1508 4930 quod
1542 4831 1581 4908 in
1609 4839 1773 4932 saumas,
1800 4842 1858 4914 vel

227 4954 502 5033 „quocumque
536 4937 617 5017 loco
653 4936 789 5035 aliquid
825 4962 889 5036 pro
924 4964 985 5013 ne·
1019 4990 1024 5057 ὲ
1065 4973 1127 5127 p„
1151 4931 1188 5007 in
1216 4930 1323 5009 dorsa.
1340 4952 1561 5034 comportare
1586 4936 1777 5021 videntur,
1803 4938 1859 5011 ro'·

227 5028 590 5206 ‚‚.cel{rtaterpVipsn.
614 5038 803 5120 umectus
828 5037 988 5117 conferre
1077 5087 1126 5126 :ss
1151 5031 1289 5209 quirerce
1315 5059 1378 5115 oec
1405 5035 1567 5115 exailum·
1578 5064 1664 5115 non
1692 5037 1860 5123 faciatis,

355 5159 418 5207 m.
491 5186 502 5209 .
1270 5181 1281 5186 „
1683 5193 1716 5234 „
1742 5165 1808 5217 nee
