<?xml version="1.0" encoding="UTF-8"?>
<!DOCTYPE html PUBLIC "-//W3C//DTD XHTML 1.0 Transitional//EN"
    "http://www.w3.org/TR/xhtml1/DTD/xhtml1-transitional.dtd">
<html xmlns="http://www.w3.org/1999/xhtml" xml:lang="en" lang="en">
 <head>
  <title>
</title>
<meta http-equiv="Content-Type" content="text/html;charset=utf-8" />
  <meta name='ocr-system' content='tesseract 3.04.00' />
  <meta name='ocr-capabilities' content='ocr_page ocr_carea ocr_par ocr_line ocrx_word'/>
</head>
<body>
  <div class='ocr_page' id='page_1' title='image "./antiquitatesita01muragoog_0199.png"; bbox 0 0 4216 6014; ppageno 0'>
   <div class='ocr_carea' id='block_1_1' title="bbox 269 278 1784 405">
    <p class='ocr_par' dir='ltr' id='par_1_1' title="bbox 269 278 1784 405">
     <span class='ocr_line' id='line_1_1' title="bbox 269 278 1784 405; baseline -0.013 -7"><span class='ocrx_word' id='word_1_1' title='bbox 269 315 350 400; x_wconf 82' lang='lat'>379</span> <span class='ocrx_word' id='word_1_2' title='bbox 562 278 1498 405; x_wconf 56' lang='lat' dir='ltr'>Aurtourrmuurrnnrr</span> <span class='ocrx_word' id='word_1_3' title='bbox 1700 295 1784 404; x_wconf 65' lang='lat' dir='ltr'>,aa</span> 
     </span>
    </p>
   </div>
   <div class='ocr_carea' id='block_1_2' title="bbox 255 446 1386 604">
    <p class='ocr_par' dir='ltr' id='par_1_2' title="bbox 255 446 1386 604">
     <span class='ocr_line' id='line_1_2' title="bbox 255 446 1386 604; baseline 0.001 -26"><span class='ocrx_word' id='word_1_4' title='bbox 255 499 422 594; x_wconf 69' lang='lat' dir='ltr'>Arnuiftts</span> <span class='ocrx_word' id='word_1_5' title='bbox 448 502 604 579; x_wconf 75' lang='lat' dir='ltr'>Notarius</span> <span class='ocrx_word' id='word_1_6' title='bbox 628 507 673 580; x_wconf 77' lang='lat' dir='ltr'>ad</span> <span class='ocrx_word' id='word_1_7' title='bbox 697 505 798 577; x_wconf 80' lang='lat' dir='ltr'>vicem</span> <span class='ocrx_word' id='word_1_8' title='bbox 823 503 995 578; x_wconf 63' lang='lat' dir='ltr'>usnemun·</span> <span class='ocrx_word' id='word_1_9' title='bbox 1021 502 1174 604; x_wconf 79' lang='lat' dir='ltr'>Episcopi</span> <span class='ocrx_word' id='word_1_10' title='bbox 1198 446 1363 604; x_wconf 81' lang='lat' dir='ltr'>remgnovi</span> <span class='ocrx_word' id='word_1_11' title='bbox 1374 554 1386 579; x_wconf 86' lang='grc'><strong>.</strong></span> 
     </span>
    </p>
   </div>
   <div class='ocr_carea' id='block_1_3' title="bbox 255 701 1848 909">
    <p class='ocr_par' dir='ltr' id='par_1_3' title="bbox 255 701 1848 909">
     <span class='ocr_line' id='line_1_3' title="bbox 255 701 1848 799; baseline -0.001 -18"><span class='ocrx_word' id='word_1_12' title='bbox 255 711 381 783; x_wconf 80' lang='lat' dir='ltr'>Datum</span> <span class='ocrx_word' id='word_1_13' title='bbox 407 713 452 783; x_wconf 86' lang='lat' dir='ltr'>il.</span> <span class='ocrx_word' id='word_1_14' title='bbox 478 711 556 781; x_wconf 79' lang='lat' dir='ltr'>idus</span> <span class='ocrx_word' id='word_1_15' title='bbox 580 704 774 799; x_wconf 71' lang='lat' dir='ltr'><em>Februarii,</em></span> <span class='ocrx_word' id='word_1_16' title='bbox 808 707 925 782; x_wconf 70' lang='lat' dir='ltr'>Annis</span> <span class='ocrx_word' id='word_1_17' title='bbox 951 706 1086 782; x_wconf 84' lang='lat' dir='ltr'>Domini</span> <span class='ocrx_word' id='word_1_18' title='bbox 1110 712 1306 793; x_wconf 79' lang='lat' dir='ltr'>DCCCCII.</span> <span class='ocrx_word' id='word_1_19' title='bbox 1340 705 1522 798; x_wconf 73' lang='lat' dir='ltr'>indiliiene</span> <span class='ocrx_word' id='word_1_20' title='bbox 1547 710 1586 784; x_wconf 74' lang='lat' dir='ltr'>V.</span> <span class='ocrx_word' id='word_1_21' title='bbox 1611 712 1714 784; x_wconf 71' lang='lat' dir='ltr'>Anne</span> <span class='ocrx_word' id='word_1_22' title='bbox 1738 701 1848 782; x_wconf 80' lang='lat' dir='ltr'>Primo</span> 
     </span>
     <span class='ocr_line' id='line_1_4' title="bbox 359 809 1104 909; baseline 0.003 -25"><span class='ocrx_word' id='word_1_23' title='bbox 359 815 537 909; x_wconf 82' lang='lat' dir='ltr'>imperante</span> <span class='ocrx_word' id='word_1_24' title='bbox 562 813 685 883; x_wconf 77' lang='lat' dir='ltr'>Damno</span> <span class='ocrx_word' id='word_1_25' title='bbox 709 811 891 884; x_wconf 77' lang='lat' dir='ltr'>Hludtuieo</span> <span class='ocrx_word' id='word_1_26' title='bbox 917 811 952 882; x_wconf 88' lang='lat' dir='ltr'>in</span> <span class='ocrx_word' id='word_1_27' title='bbox 978 809 1104 886; x_wconf 71' lang='lat' dir='ltr'>ledia.</span> 
     </span>
    </p>
   </div>
   <div class='ocr_carea' id='block_1_4' title="bbox 257 1010 1018 1124">
    <p class='ocr_par' dir='ltr' id='par_1_4' title="bbox 257 1010 1018 1124">
     <span class='ocr_line' id='line_1_5' title="bbox 257 1010 1018 1124; baseline 0 -36"><span class='ocrx_word' id='word_1_28' title='bbox 257 1011 383 1088; x_wconf 56' lang='lat' dir='ltr'>Alam</span> <span class='ocrx_word' id='word_1_29' title='bbox 407 1011 531 1110; x_wconf 78' lang='lat' dir='ltr'>Papiae</span> <span class='ocrx_word' id='word_1_30' title='bbox 549 1010 714 1106; x_wconf 72' lang='lat' dir='ltr'>feliciter.</span> <span class='ocrx_word' id='word_1_31' title='bbox 739 1021 869 1090; x_wconf 71' lang='lat' dir='ltr'>Amen.</span> <span class='ocrx_word' id='word_1_32' title='bbox 1016 1120 1018 1124; x_wconf 5' lang='grc' dir='ltr'>ὗ</span> 
     </span>
    </p>
   </div>
   <div class='ocr_carea' id='block_1_5' title="bbox 134 1212 1848 1308">
    <p class='ocr_par' dir='ltr' id='par_1_5' title="bbox 134 1165 1848 1308">
     <span class='ocr_line' id='line_1_6' title="bbox 134 1212 1848 1308; baseline 0.002 -21"><span class='ocrx_word' id='word_1_33' title='bbox 134 1229 142 1240; x_wconf 92' lang='grc'><em>“</em></span> <span class='ocrx_word' id='word_1_34' title='bbox 259 1212 296 1288; x_wconf 88' lang='lat' dir='ltr'>si</span> <span class='ocrx_word' id='word_1_35' title='bbox 324 1218 435 1293; x_wconf 88' lang='lat' dir='ltr'>Anno</span> <span class='ocrx_word' id='word_1_36' title='bbox 462 1220 682 1297; x_wconf 82' lang='lat' dir='ltr'>nccccu.</span> <span class='ocrx_word' id='word_1_37' title='bbox 710 1218 860 1297; x_wconf 89' lang='lat' dir='ltr'>secundo</span> <span class='ocrx_word' id='word_1_38' title='bbox 889 1217 971 1292; x_wconf 90' lang='lat' dir='ltr'>Idus</span> <span class='ocrx_word' id='word_1_39' title='bbox 1010 1219 1046 1292; x_wconf 83' lang='grc' dir='ltr'>Α</span> <span class='ocrx_word' id='word_1_40' title='bbox 1087 1214 1176 1291; x_wconf 84' lang='lat' dir='ltr'>serre</span> <span class='ocrx_word' id='word_1_41' title='bbox 1201 1217 1381 1308; x_wconf 80' lang='lat' dir='ltr'>voluerit,</span> <span class='ocrx_word' id='word_1_42' title='bbox 1417 1231 1457 1294; x_wconf 89' lang='lat' dir='ltr'>ut</span> <span class='ocrx_word' id='word_1_43' title='bbox 1491 1215 1593 1296; x_wconf 90' lang='lat' dir='ltr'>illius</span> <span class='ocrx_word' id='word_1_44' title='bbox 1629 1212 1724 1292; x_wconf 88' lang='lat' dir='ltr'>ditio</span> <span class='ocrx_word' id='word_1_45' title='bbox 1759 1213 1848 1290; x_wconf 86' lang='lat' dir='ltr'>alias</span> 
     </span>
    </p>
   </div>
   <div class='ocr_carea' id='block_1_6' title="bbox 204 1316 974 2105">
    <p class='ocr_par' dir='ltr' id='par_1_6' title="bbox 204 1316 974 2105">
     <span class='ocr_line' id='line_1_7' title="bbox 208 1316 972 1397; baseline 0 -10"><span class='ocrx_word' id='word_1_46' title='bbox 208 1316 391 1391; x_wconf 80' lang='lat' dir='ltr'>Februarii</span> <span class='ocrx_word' id='word_1_47' title='bbox 407 1317 520 1392; x_wconf 90' lang='lat' dir='ltr'>adhuc</span> <span class='ocrx_word' id='word_1_48' title='bbox 538 1321 744 1397; x_wconf 82' lang='lat' dir='ltr'>decurrebat</span> <span class='ocrx_word' id='word_1_49' title='bbox 759 1329 881 1394; x_wconf 73' lang='lat' dir='ltr'>Annus</span> <span class='ocrx_word' id='word_1_50' title='bbox 894 1319 972 1390; x_wconf 87' lang='lat' dir='ltr'>Pri-</span> 
     </span>
     <span class='ocr_line' id='line_1_8' title="bbox 207 1417 972 1519; baseline 0.005 -33"><span class='ocrx_word' id='word_1_51' title='bbox 207 1442 277 1486; x_wconf 78' lang='lat' dir='ltr'>mus</span> <span class='ocrx_word' id='word_1_52' title='bbox 304 1417 484 1493; x_wconf 87' lang='lat' dir='ltr'>Ludovici</span> <span class='ocrx_word' id='word_1_53' title='bbox 511 1421 655 1512; x_wconf 86' lang='lat' dir='ltr'>Tertii,</span> <span class='ocrx_word' id='word_1_54' title='bbox 691 1448 774 1519; x_wconf 83' lang='lat' dir='ltr'>ergo</span> <span class='ocrx_word' id='word_1_55' title='bbox 810 1420 883 1518; x_wconf 85' lang='lat' dir='ltr'>ejus</span> <span class='ocrx_word' id='word_1_56' title='bbox 911 1444 972 1490; x_wconf 93' lang='lat' dir='ltr'>co-</span> 
     </span>
     <span class='ocr_line' id='line_1_9' title="bbox 205 1501 972 1620; baseline 0.004 -30"><span class='ocrx_word' id='word_1_57' title='bbox 205 1518 350 1592; x_wconf 89' lang='lat' dir='ltr'>ronatio</span> <span class='ocrx_word' id='word_1_58' title='bbox 367 1501 439 1617; x_wconf 80' lang='lat' dir='ltr'>poll</span> <span class='ocrx_word' id='word_1_59' title='bbox 454 1520 617 1599; x_wconf 88' lang='lat' dir='ltr'>eumdem</span> <span class='ocrx_word' id='word_1_60' title='bbox 634 1520 726 1596; x_wconf 87' lang='lat' dir='ltr'>diem</span> <span class='ocrx_word' id='word_1_61' title='bbox 744 1525 855 1593; x_wconf 82' lang='lat' dir='ltr'>Anno</span> <span class='ocrx_word' id='word_1_62' title='bbox 873 1546 972 1620; x_wconf 87' lang='lat' dir='ltr'>prae-</span> 
     </span>
     <span class='ocr_line' id='line_1_10' title="bbox 207 1617 973 1721; baseline 0.007 -30"><span class='ocrx_word' id='word_1_63' title='bbox 207 1617 348 1694; x_wconf 84' lang='lat' dir='ltr'>cedenti</span> <span class='ocrx_word' id='word_1_64' title='bbox 381 1623 581 1698; x_wconf 83' lang='lat' dir='ltr'>DCCCCI.</span> <span class='ocrx_word' id='word_1_65' title='bbox 606 1626 642 1696; x_wconf 82' lang='lat' dir='ltr'>ilc</span> <span class='ocrx_word' id='word_1_66' title='bbox 671 1621 863 1698; x_wconf 80' lang='lat' dir='ltr'>Februario</span> <span class='ocrx_word' id='word_1_67' title='bbox 890 1621 973 1721; x_wconf 90' lang='lat' dir='ltr'>qui·</span> 
     </span>
     <span class='ocr_line' id='line_1_11' title="bbox 206 1717 972 1819; baseline 0.005 -24"><span class='ocrx_word' id='word_1_68' title='bbox 206 1717 288 1795; x_wconf 92' lang='lat' dir='ltr'>dem</span> <span class='ocrx_word' id='word_1_69' title='bbox 331 1718 454 1794; x_wconf 90' lang='lat' dir='ltr'>Mense</span> <span class='ocrx_word' id='word_1_70' title='bbox 495 1719 633 1819; x_wconf 71' lang='lat' dir='ltr'>perusia</span> <span class='ocrx_word' id='word_1_71' title='bbox 673 1721 769 1798; x_wconf 85' lang='lat' dir='ltr'>suit.</span> <span class='ocrx_word' id='word_1_72' title='bbox 805 1723 899 1799; x_wconf 83' lang='lat' dir='ltr'>Vide</span> <span class='ocrx_word' id='word_1_73' title='bbox 936 1751 972 1798; x_wconf 92' lang='lat' dir='ltr'>e·</span> 
     </span>
     <span class='ocr_line' id='line_1_12' title="bbox 207 1819 973 1924; baseline 0.012 -32"><span class='ocrx_word' id='word_1_74' title='bbox 207 1819 321 1901; x_wconf 72' lang='lat' dir='ltr'>tiam,</span> <span class='ocrx_word' id='word_1_75' title='bbox 347 1846 437 1918; x_wconf 87' lang='lat' dir='ltr'>quae</span> <span class='ocrx_word' id='word_1_76' title='bbox 457 1823 590 1924; x_wconf 91' lang='lat' dir='ltr'>protuli</span> <span class='ocrx_word' id='word_1_77' title='bbox 613 1823 653 1901; x_wconf 87' lang='lat' dir='ltr'>in</span> <span class='ocrx_word' id='word_1_78' title='bbox 675 1826 854 1901; x_wconf 90' lang='lat' dir='ltr'>Dillertat.</span> <span class='ocrx_word' id='word_1_79' title='bbox 875 1830 973 1901; x_wconf 80' lang='lat' dir='ltr'><strong>xlx.</strong></span> 
     </span>
     <span class='ocr_line' id='line_1_13' title="bbox 204 1921 973 2027; baseline 0.013 -35"><span class='ocrx_word' id='word_1_80' title='bbox 204 1921 246 1992; x_wconf 78' lang='lat' dir='ltr'>de</span> <span class='ocrx_word' id='word_1_81' title='bbox 283 1921 462 2000; x_wconf 74' lang='lat' dir='ltr'><em>Tribunis.</em></span> <span class='ocrx_word' id='word_1_82' title='bbox 500 1929 639 2027; x_wconf 80' lang='lat' dir='ltr'>Repeto</span> <span class='ocrx_word' id='word_1_83' title='bbox 672 1954 767 2005; x_wconf 88' lang='lat' dir='ltr'>nunc</span> <span class='ocrx_word' id='word_1_84' title='bbox 806 1926 973 2025; x_wconf 91' lang='lat' dir='ltr'>antiquo·</span> 
     </span>
     <span class='ocr_line' id='line_1_14' title="bbox 209 2019 974 2105; baseline 0.012 -9"><span class='ocrx_word' id='word_1_85' title='bbox 209 2047 289 2096; x_wconf 86' lang='lat' dir='ltr'>rum</span> <span class='ocrx_word' id='word_1_86' title='bbox 312 2019 567 2101; x_wconf 89' lang='lat' dir='ltr'>Comitatuum</span> <span class='ocrx_word' id='word_1_87' title='bbox 588 2028 726 2105; x_wconf 86' lang='lat' dir='ltr'>vatium</span> <span class='ocrx_word' id='word_1_88' title='bbox 754 2029 898 2105; x_wconf 84' lang='lat' dir='ltr'>ilatum.</span> <span class='ocrx_word' id='word_1_89' title='bbox 919 2033 974 2104; x_wconf 83' lang='lat' dir='ltr'>A·</span> 
     </span>
    </p>
   </div>
   <div class='ocr_carea' id='block_1_7' title="bbox 1086 1314 1853 1811">
    <p class='ocr_par' dir='ltr' id='par_1_7' title="bbox 1086 1314 1853 1811">
     <span class='ocr_line' id='line_1_15' title="bbox 1088 1314 1850 1420; baseline 0.001 -32"><span class='ocrx_word' id='word_1_90' title='bbox 1088 1314 1197 1390; x_wconf 88' lang='lat' dir='ltr'>etiam</span> <span class='ocrx_word' id='word_1_91' title='bbox 1225 1318 1365 1406; x_wconf 80' lang='lat' dir='ltr'>Urbes,</span> <span class='ocrx_word' id='word_1_92' title='bbox 1392 1320 1426 1390; x_wconf 75' lang='grc' dir='ltr'>δε</span> <span class='ocrx_word' id='word_1_93' title='bbox 1454 1318 1634 1419; x_wconf 84' lang='lat' dir='ltr'>ingentem</span> <span class='ocrx_word' id='word_1_94' title='bbox 1655 1316 1731 1420; x_wconf 83' lang='lat' dir='ltr'>agri</span> <span class='ocrx_word' id='word_1_95' title='bbox 1751 1341 1850 1390; x_wconf 89' lang='lat' dir='ltr'>meo·</span> 
     </span>
     <span class='ocr_line' id='line_1_16' title="bbox 1089 1415 1852 1517; baseline 0 -27"><span class='ocrx_word' id='word_1_96' title='bbox 1089 1415 1203 1493; x_wconf 90' lang='lat' dir='ltr'>suram</span> <span class='ocrx_word' id='word_1_97' title='bbox 1230 1416 1544 1517; x_wconf 74' lang='lat' dir='ltr'>compleiiereturs</span> <span class='ocrx_word' id='word_1_98' title='bbox 1575 1439 1669 1494; x_wconf 89' lang='lat' dir='ltr'>certa</span> <span class='ocrx_word' id='word_1_99' title='bbox 1687 1417 1733 1492; x_wconf 84' lang='lat' dir='ltr'>eli</span> <span class='ocrx_word' id='word_1_100' title='bbox 1752 1442 1852 1517; x_wconf 89' lang='lat' dir='ltr'>prae·</span> 
     </span>
     <span class='ocr_line' id='line_1_17' title="bbox 1086 1517 1853 1621; baseline -0.007 -27"><span class='ocrx_word' id='word_1_101' title='bbox 1086 1518 1251 1621; x_wconf 80' lang='lat' dir='ltr'>rogatira</span> <span class='ocrx_word' id='word_1_102' title='bbox 1275 1519 1364 1595; x_wconf 89' lang='lat' dir='ltr'>adeo</span> <span class='ocrx_word' id='word_1_103' title='bbox 1389 1522 1500 1620; x_wconf 85' lang='lat' dir='ltr'>ampli</span> <span class='ocrx_word' id='word_1_104' title='bbox 1526 1517 1735 1598; x_wconf 72' lang='lat' dir='ltr'><strong>Comitatus</strong></span> <span class='ocrx_word' id='word_1_105' title='bbox 1758 1538 1853 1591; x_wconf 89' lang='lat' dir='ltr'>tem·</span> 
     </span>
     <span class='ocr_line' id='line_1_18' title="bbox 1087 1614 1849 1723; baseline -0.009 -27"><span class='ocrx_word' id='word_1_106' title='bbox 1087 1621 1229 1723; x_wconf 84' lang='lat' dir='ltr'>poribus</span> <span class='ocrx_word' id='word_1_107' title='bbox 1256 1618 1324 1711; x_wconf 86' lang='lat' dir='ltr'>iis,</span> <span class='ocrx_word' id='word_1_108' title='bbox 1360 1646 1465 1718; x_wconf 90' lang='lat' dir='ltr'>quem</span> <span class='ocrx_word' id='word_1_109' title='bbox 1493 1621 1619 1695; x_wconf 87' lang='lat' dir='ltr'>deinde</span> <span class='ocrx_word' id='word_1_110' title='bbox 1643 1643 1759 1697; x_wconf 88' lang='lat' dir='ltr'>rerum</span> <span class='ocrx_word' id='word_1_111' title='bbox 1788 1614 1849 1689; x_wconf 87' lang='lat' dir='ltr'>vi·</span> 
     </span>
     <span class='ocr_line' id='line_1_19' title="bbox 1086 1714 1851 1811; baseline -0.013 -14"><span class='ocrx_word' id='word_1_112' title='bbox 1086 1720 1302 1799; x_wconf 84' lang='lat' dir='ltr'>ciffitudioes</span> <span class='ocrx_word' id='word_1_113' title='bbox 1328 1739 1390 1796; x_wconf 90' lang='lat' dir='ltr'>aut</span> <span class='ocrx_word' id='word_1_114' title='bbox 1417 1719 1613 1811; x_wconf 77' lang='lat' dir='ltr'>minorem,</span> <span class='ocrx_word' id='word_1_115' title='bbox 1649 1714 1851 1793; x_wconf 88' lang='lat' dir='ltr'>autetiam</span> 
     </span>
    </p>
   </div>
   <div class='ocr_carea' id='block_1_8' title="bbox 1087 1813 1856 1999">
    <p class='ocr_par' dir='ltr' id='par_1_8' title="bbox 1087 1813 1856 1999">
     <span class='ocr_line' id='line_1_20' title="bbox 1087 1813 1855 1923; baseline -0.013 -27"><span class='ocrx_word' id='word_1_116' title='bbox 1087 1825 1192 1923; x_wconf 82' lang='lat' dir='ltr'>louge</span> <span class='ocrx_word' id='word_1_117' title='bbox 1219 1824 1388 1918; x_wconf 77' lang='lat' dir='ltr'>majorem</span> <span class='ocrx_word' id='word_1_118' title='bbox 1416 1822 1582 1908; x_wconf 86' lang='lat' dir='ltr'>effecere,</span> <span class='ocrx_word' id='word_1_119' title='bbox 1604 1816 1740 1890; x_wconf 71' lang='lat' dir='ltr'>additis</span> <span class='ocrx_word' id='word_1_120' title='bbox 1767 1813 1855 1888; x_wconf 86' lang='lat' dir='ltr'>Me-</span> 
     </span>
     <span class='ocr_line' id='line_1_21' title="bbox 1089 1909 1856 1999; baseline -0.017 -1"><span class='ocrx_word' id='word_1_121' title='bbox 1089 1920 1281 1999; x_wconf 83' lang='lat' dir='ltr'>diolanensi</span> <span class='ocrx_word' id='word_1_122' title='bbox 1321 1920 1402 1994; x_wconf 86' lang='lat' dir='ltr'>aliis</span> <span class='ocrx_word' id='word_1_123' title='bbox 1443 1915 1611 1991; x_wconf 87' lang='lat' dir='ltr'>finitimis</span> <span class='ocrx_word' id='word_1_124' title='bbox 1649 1909 1856 1988; x_wconf 87' lang='lat' dir='ltr'>Comitati-</span> 
     </span>
    </p>
   </div>
   <div class='ocr_carea' id='block_1_9' title="bbox 1091 2015 1999 2119">
    <p class='ocr_par' dir='ltr' id='par_1_9' title="bbox 1091 2015 1999 2119">
     <span class='ocr_line' id='line_1_22' title="bbox 1091 2015 1999 2119; baseline -0.035 -19"><span class='ocrx_word' id='word_1_125' title='bbox 1091 2027 1175 2100; x_wconf 89' lang='lat' dir='ltr'>bus.</span> <span class='ocrx_word' id='word_1_126' title='bbox 1202 2026 1325 2119; x_wconf 85' lang='lat' dir='ltr'>Atque</span> <span class='ocrx_word' id='word_1_127' title='bbox 1352 2017 1432 2094; x_wconf 89' lang='lat' dir='ltr'>heic</span> <span class='ocrx_word' id='word_1_128' title='bbox 1458 2016 1627 2096; x_wconf 78' lang='lat' dir='ltr'>Leiiores</span> <span class='ocrx_word' id='word_1_129' title='bbox 1653 2015 1772 2090; x_wconf 85' lang='lat' dir='ltr'>minus</span> <span class='ocrx_word' id='word_1_130' title='bbox 1795 2039 1857 2112; x_wconf 76' lang='lat' dir='ltr'>pe.</span> <span class='ocrx_word' id='word_1_131' title='bbox 1996 2097 1999 2104; x_wconf 88' lang='lat'><em>.</em></span> 
     </span>
    </p>
   </div>
   <div class='ocr_carea' id='block_1_10' title="bbox 131 2112 1856 2242">
    <p class='ocr_par' dir='ltr' id='par_1_10' title="bbox 131 2112 1856 2242">
     <span class='ocr_line' id='line_1_23' title="bbox 131 2112 1856 2242; baseline -0.009 -35"><span class='ocrx_word' id='word_1_132' title='bbox 131 2204 133 2207; x_wconf 83' lang='lat'>.</span> <span class='ocrx_word' id='word_1_133' title='bbox 206 2125 279 2242; x_wconf 84' lang='lat' dir='ltr'>pud</span> <span class='ocrx_word' id='word_1_134' title='bbox 308 2125 522 2225; x_wconf 82' lang='lat' dir='ltr'>Ughellium</span> <span class='ocrx_word' id='word_1_135' title='bbox 550 2133 672 2206; x_wconf 89' lang='lat' dir='ltr'>Tomo</span> <span class='ocrx_word' id='word_1_136' title='bbox 699 2138 744 2207; x_wconf 76' lang='lat' dir='ltr'>V,</span> <span class='ocrx_word' id='word_1_137' title='bbox 773 2130 854 2206; x_wconf 88' lang='lat' dir='ltr'>Ital.</span> <span class='ocrx_word' id='word_1_138' title='bbox 882 2137 974 2208; x_wconf 84' lang='lat' dir='ltr'>Sact.</span> <span class='ocrx_word' id='word_1_139' title='bbox 1018 2122 1049 2194; x_wconf 83' lang='grc' dir='ltr'><strong>Β</strong></span> <span class='ocrx_word' id='word_1_140' title='bbox 1089 2126 1154 2202; x_wconf 86' lang='lat' dir='ltr'>riti</span> <span class='ocrx_word' id='word_1_141' title='bbox 1196 2118 1363 2198; x_wconf 86' lang='lat' dir='ltr'>monendi</span> <span class='ocrx_word' id='word_1_142' title='bbox 1407 2118 1517 2211; x_wconf 88' lang='lat' dir='ltr'>sunt,</span> <span class='ocrx_word' id='word_1_143' title='bbox 1557 2141 1630 2193; x_wconf 89' lang='lat' dir='ltr'>nou</span> <span class='ocrx_word' id='word_1_144' title='bbox 1668 2112 1856 2192; x_wconf 76' lang='lat' dir='ltr'>Civitates</span> 
     </span>
    </p>
   </div>
   <div class='ocr_carea' id='block_1_11' title="bbox 207 2226 977 3042">
    <p class='ocr_par' dir='ltr' id='par_1_11' title="bbox 207 2226 977 3042">
     <span class='ocr_line' id='line_1_24' title="bbox 207 2226 974 2325; baseline 0.013 -27"><span class='ocrx_word' id='word_1_145' title='bbox 207 2226 666 2324; x_wconf 81' lang='lat' dir='ltr'>tnEpiscop.Comens1b.</span> <span class='ocrx_word' id='word_1_146' title='bbox 694 2230 733 2307; x_wconf 75' lang='grc' dir='ltr'>ἃ</span> <span class='ocrx_word' id='word_1_147' title='bbox 762 2234 851 2325; x_wconf 90' lang='lat' dir='ltr'>apud</span> <span class='ocrx_word' id='word_1_148' title='bbox 882 2236 974 2308; x_wconf 86' lang='lat' dir='ltr'>Tat-</span> 
     </span>
     <span class='ocr_line' id='line_1_25' title="bbox 209 2326 975 2424; baseline 0.014 -25"><span class='ocrx_word' id='word_1_149' title='bbox 209 2343 289 2402; x_wconf 92' lang='lat' dir='ltr'>tum</span> <span class='ocrx_word' id='word_1_150' title='bbox 325 2326 373 2401; x_wconf 88' lang='lat' dir='ltr'>in-</span> <span class='ocrx_word' id='word_1_151' title='bbox 392 2331 565 2409; x_wconf 86' lang='lat' dir='ltr'>Annalib.</span> <span class='ocrx_word' id='word_1_152' title='bbox 600 2331 686 2410; x_wconf 84' lang='lat' dir='ltr'>sacr.</span> <span class='ocrx_word' id='word_1_153' title='bbox 713 2331 975 2424; x_wconf 23' lang='lat' dir='ltr'>*Comensrbus5</span> 
     </span>
     <span class='ocr_line' id='line_1_26' title="bbox 211 2429 976 2537; baseline 0.012 -35"><span class='ocrx_word' id='word_1_154' title='bbox 211 2429 386 2528; x_wconf 89' lang='lat' dir='ltr'>Diploma</span> <span class='ocrx_word' id='word_1_155' title='bbox 422 2430 571 2509; x_wconf 84' lang='lat' dir='ltr'>habetur</span> <span class='ocrx_word' id='word_1_156' title='bbox 599 2434 765 2514; x_wconf 84' lang='lat' dir='ltr'>Lotlrarii</span> <span class='ocrx_word' id='word_1_157' title='bbox 796 2441 822 2510; x_wconf 91' lang='lat'>1.</span> <span class='ocrx_word' id='word_1_158' title='bbox 851 2440 976 2537; x_wconf 84' lang='lat' dir='ltr'>Augu·</span> 
     </span>
     <span class='ocr_line' id='line_1_27' title="bbox 211 2527 977 2612; baseline 0.007 -8"><span class='ocrx_word' id='word_1_159' title='bbox 211 2527 280 2612; x_wconf 83' lang='lat' dir='ltr'>lli,</span> <span class='ocrx_word' id='word_1_160' title='bbox 307 2536 620 2611; x_wconf 85' lang='lat' dir='ltr'>commemorantis</span> <span class='ocrx_word' id='word_1_161' title='bbox 656 2539 780 2610; x_wconf 78' lang='lat' dir='ltr'>Vallem</span> <span class='ocrx_word' id='word_1_162' title='bbox 814 2539 977 2611; x_wconf 70' lang='lat' dir='ltr'>Tollinam</span> 
     </span>
     <span class='ocr_line' id='line_1_28' title="bbox 215 2631 976 2729; baseline 0.014 -27"><span class='ocrx_word' id='word_1_163' title='bbox 215 2631 251 2702; x_wconf 88' lang='lat' dir='ltr'>in</span> <span class='ocrx_word' id='word_1_164' title='bbox 288 2637 415 2702; x_wconf 83' lang='lat' dir='ltr'>Ducam</span> <span class='ocrx_word' id='word_1_165' title='bbox 452 2636 710 2729; x_wconf 80' lang='lat' dir='ltr'>Mediolanense.</span> <span class='ocrx_word' id='word_1_166' title='bbox 746 2645 889 2712; x_wconf 81' lang='lat' dir='ltr'>Duratue</span> <span class='ocrx_word' id='word_1_167' title='bbox 923 2657 976 2712; x_wconf 88' lang='lat' dir='ltr'>ta-</span> 
     </span>
     <span class='ocr_line' id='line_1_29' title="bbox 211 2733 977 2827; baseline 0.013 -24"><span class='ocrx_word' id='word_1_168' title='bbox 211 2756 295 2806; x_wconf 90' lang='lat' dir='ltr'>men</span> <span class='ocrx_word' id='word_1_169' title='bbox 323 2733 575 2827; x_wconf 72' lang='lat' dir='ltr'>Mediolanenfis</span> <span class='ocrx_word' id='word_1_170' title='bbox 601 2763 674 2813; x_wconf 81' lang='lat' dir='ltr'>vox</span> <span class='ocrx_word' id='word_1_171' title='bbox 701 2765 788 2812; x_wconf 84' lang='lat' dir='ltr'>aevo</span> <span class='ocrx_word' id='word_1_172' title='bbox 825 2740 894 2813; x_wconf 89' lang='lat' dir='ltr'>illo</span> <span class='ocrx_word' id='word_1_173' title='bbox 920 2738 977 2813; x_wconf 91' lang='lat' dir='ltr'>in·</span> 
     </span>
     <span class='ocr_line' id='line_1_30' title="bbox 210 2828 976 2929; baseline 0.014 -26"><span class='ocrx_word' id='word_1_174' title='bbox 210 2828 325 2904; x_wconf 85' lang='lat' dir='ltr'>solens</span> <span class='ocrx_word' id='word_1_175' title='bbox 372 2832 482 2910; x_wconf 90' lang='lat' dir='ltr'>alicui</span> <span class='ocrx_word' id='word_1_176' title='bbox 528 2833 668 2914; x_wconf 86' lang='lat' dir='ltr'>fortasse</span> <span class='ocrx_word' id='word_1_177' title='bbox 708 2838 896 2929; x_wconf 78' lang='lat' dir='ltr'>videatur,</span> <span class='ocrx_word' id='word_1_178' title='bbox 937 2866 976 2914; x_wconf 90' lang='lat' dir='ltr'>ac</span> 
     </span>
     <span class='ocr_line' id='line_1_31' title="bbox 210 2930 976 3042; baseline 0.009 -34"><span class='ocrx_word' id='word_1_179' title='bbox 210 2930 421 3032; x_wconf 85' lang='lat' dir='ltr'>interpolati</span> <span class='ocrx_word' id='word_1_180' title='bbox 452 2954 572 3014; x_wconf 80' lang='lat' dir='ltr'>textus</span> <span class='ocrx_word' id='word_1_181' title='bbox 608 2937 841 3033; x_wconf 81' lang='lat' dir='ltr'>suspicionem</span> <span class='ocrx_word' id='word_1_182' title='bbox 877 2941 976 3042; x_wconf 82' lang='lat' dir='ltr'>inge-</span> 
     </span>
    </p>
   </div>
   <div class='ocr_carea' id='block_1_12' title="bbox 1089 2215 1964 3030">
    <p class='ocr_par' dir='ltr' id='par_1_12' title="bbox 1089 2215 1964 3030">
     <span class='ocr_line' id='line_1_32' title="bbox 1090 2215 1853 2314; baseline -0.009 -14"><span class='ocrx_word' id='word_1_183' title='bbox 1090 2230 1257 2314; x_wconf 77' lang='lat' dir='ltr'>tanturn,</span> <span class='ocrx_word' id='word_1_184' title='bbox 1285 2222 1341 2297; x_wconf 85' lang='lat' dir='ltr'>sed</span> <span class='ocrx_word' id='word_1_185' title='bbox 1367 2220 1439 2296; x_wconf 91' lang='lat' dir='ltr'>alia</span> <span class='ocrx_word' id='word_1_186' title='bbox 1466 2218 1575 2296; x_wconf 88' lang='lat' dir='ltr'>etiam</span> <span class='ocrx_word' id='word_1_187' title='bbox 1604 2215 1745 2292; x_wconf 87' lang='lat' dir='ltr'>minora</span> <span class='ocrx_word' id='word_1_188' title='bbox 1772 2219 1853 2293; x_wconf 81' lang='lat' dir='ltr'>loca</span> 
     </span>
     <span class='ocr_line' id='line_1_33' title="bbox 1091 2316 1964 2427; baseline -0.013 -26"><span class='ocrx_word' id='word_1_189' title='bbox 1091 2326 1158 2402; x_wconf 84' lang='lat' dir='ltr'>stve</span> <span class='ocrx_word' id='word_1_190' title='bbox 1193 2325 1335 2427; x_wconf 82' lang='lat' dir='ltr'>Oppida</span> <span class='ocrx_word' id='word_1_191' title='bbox 1361 2322 1505 2400; x_wconf 84' lang='lat' dir='ltr'>vetustis</span> <span class='ocrx_word' id='word_1_192' title='bbox 1545 2319 1768 2419; x_wconf 78' lang='lat' dir='ltr'>temporibus</span> <span class='ocrx_word' id='word_1_193' title='bbox 1792 2316 1855 2394; x_wconf 71' lang='lat' dir='ltr'>suo</span> <span class='ocrx_word' id='word_1_194' title='bbox 1956 2386 1964 2390; x_wconf 80' lang='lat'><strong>.</strong></span> 
     </span>
     <span class='ocr_line' id='line_1_34' title="bbox 1089 2421 1854 2520; baseline -0.012 -17"><span class='ocrx_word' id='word_1_195' title='bbox 1089 2431 1237 2520; x_wconf 77' lang='lat' dir='ltr'>Currite,</span> <span class='ocrx_word' id='word_1_196' title='bbox 1274 2424 1343 2501; x_wconf 80' lang='lat' dir='ltr'>five</span> <span class='ocrx_word' id='word_1_197' title='bbox 1381 2423 1536 2503; x_wconf 84' lang='lat' dir='ltr'>Praelide</span> <span class='ocrx_word' id='word_1_198' title='bbox 1570 2421 1672 2496; x_wconf 83' lang='lat' dir='ltr'>fuisse</span> <span class='ocrx_word' id='word_1_199' title='bbox 1705 2435 1854 2511; x_wconf 45' lang='lat' dir='ltr'>ornatas</span> 
     </span>
     <span class='ocr_line' id='line_1_35' title="bbox 1090 2518 1855 2628; baseline -0.018 -23"><span class='ocrx_word' id='word_1_200' title='bbox 1090 2532 1143 2606; x_wconf 86' lang='lat' dir='ltr'>ita</span> <span class='ocrx_word' id='word_1_201' title='bbox 1169 2549 1210 2605; x_wconf 89' lang='lat' dir='ltr'>ut</span> <span class='ocrx_word' id='word_1_202' title='bbox 1235 2525 1407 2628; x_wconf 88' lang='lat' dir='ltr'>ejusmodi</span> <span class='ocrx_word' id='word_1_203' title='bbox 1433 2530 1468 2599; x_wconf 92' lang='lat'>0</span> <span class='ocrx_word' id='word_1_204' title='bbox 1494 2522 1658 2622; x_wconf 87' lang='lat' dir='ltr'>pidorum</span> <span class='ocrx_word' id='word_1_205' title='bbox 1682 2521 1777 2598; x_wconf 91' lang='lat' dir='ltr'>ditio</span> <span class='ocrx_word' id='word_1_206' title='bbox 1802 2518 1855 2597; x_wconf 53' lang='lat' dir='ltr'>ses.</span> 
     </span>
     <span class='ocr_line' id='line_1_36' title="bbox 1090 2621 1865 2733; baseline -0.012 -25"><span class='ocrx_word' id='word_1_207' title='bbox 1090 2631 1210 2733; x_wconf 73' lang='lat' dir='ltr'>juniia</span> <span class='ocrx_word' id='word_1_208' title='bbox 1247 2657 1266 2706; x_wconf 92' lang='lat' dir='ltr'>a</span> <span class='ocrx_word' id='word_1_209' title='bbox 1301 2626 1430 2728; x_wconf 87' lang='lat' dir='ltr'>quovis</span> <span class='ocrx_word' id='word_1_210' title='bbox 1514 2624 1679 2725; x_wconf 81' lang='lat' dir='ltr'>agistratu</span> <span class='ocrx_word' id='word_1_211' title='bbox 1707 2621 1865 2725; x_wconf 12' lang='lat' dir='ltr'>civite-t</span> 
     </span>
     <span class='ocr_line' id='line_1_37' title="bbox 1090 2723 1857 2828; baseline -0.012 -20"><span class='ocrx_word' id='word_1_212' title='bbox 1090 2754 1165 2808; x_wconf 90' lang='lat' dir='ltr'>tum</span> <span class='ocrx_word' id='word_1_213' title='bbox 1195 2730 1310 2820; x_wconf 86' lang='lat' dir='ltr'>foret,</span> <span class='ocrx_word' id='word_1_214' title='bbox 1351 2755 1389 2804; x_wconf 82' lang='lat' dir='ltr'>ac</span> <span class='ocrx_word' id='word_1_215' title='bbox 1417 2727 1479 2802; x_wconf 85' lang='lat' dir='ltr'>uni</span> <span class='ocrx_word' id='word_1_216' title='bbox 1509 2725 1620 2828; x_wconf 82' lang='lat' dir='ltr'>Regi,</span> <span class='ocrx_word' id='word_1_217' title='bbox 1657 2744 1719 2801; x_wconf 83' lang='lat' dir='ltr'>rut</span> <span class='ocrx_word' id='word_1_218' title='bbox 1754 2723 1857 2800; x_wconf 87' lang='lat' dir='ltr'>Mar-</span> 
     </span>
     <span class='ocr_line' id='line_1_38' title="bbox 1091 2824 1856 2922; baseline -0.01 -14"><span class='ocrx_word' id='word_1_219' title='bbox 1091 2833 1241 2922; x_wconf 87' lang='lat' dir='ltr'>chiooi,</span> <span class='ocrx_word' id='word_1_220' title='bbox 1281 2830 1351 2904; x_wconf 86' lang='lat' dir='ltr'>five</span> <span class='ocrx_word' id='word_1_221' title='bbox 1388 2826 1600 2904; x_wconf 75' lang='lat' dir='ltr'>Provinciae</span> <span class='ocrx_word' id='word_1_222' title='bbox 1641 2824 1825 2902; x_wconf 77' lang='lat' dir='ltr'>Praeseilo</span> <span class='ocrx_word' id='word_1_223' title='bbox 1843 2873 1856 2909; x_wconf 85' lang='lat'><strong>,</strong></span> 
     </span>
     <span class='ocr_line' id='line_1_39' title="bbox 1091 2927 1855 3030; baseline -0.013 -20"><span class='ocrx_word' id='word_1_224' title='bbox 1091 2935 1260 3013; x_wconf 81' lang='lat' dir='ltr'>subesset.</span> <span class='ocrx_word' id='word_1_225' title='bbox 1298 2931 1448 3009; x_wconf 83' lang='lat' dir='ltr'>illustria</span> <span class='ocrx_word' id='word_1_226' title='bbox 1474 2929 1581 3030; x_wconf 79' lang='lat' dir='ltr'>hujus</span> <span class='ocrx_word' id='word_1_227' title='bbox 1613 2927 1666 3015; x_wconf 80' lang='lat' dir='ltr'>rei</span> <span class='ocrx_word' id='word_1_228' title='bbox 1692 2929 1855 3024; x_wconf 81' lang='lat' dir='ltr'>exempla</span> 
     </span>
    </p>
   </div>
   <div class='ocr_carea' id='block_1_13' title="bbox 210 3027 1857 3137">
    <p class='ocr_par' dir='ltr' id='par_1_13' title="bbox 210 3027 1857 3137">
     <span class='ocr_line' id='line_1_40' title="bbox 210 3027 1857 3137; baseline -0.004 -27"><span class='ocrx_word' id='word_1_229' title='bbox 210 3052 293 3125; x_wconf 87' lang='lat' dir='ltr'>rat,</span> <span class='ocrx_word' id='word_1_230' title='bbox 330 3032 570 3137; x_wconf 84' lang='lat' dir='ltr'>scriptumque</span> <span class='ocrx_word' id='word_1_231' title='bbox 595 3041 685 3114; x_wconf 83' lang='lat' dir='ltr'>olim</span> <span class='ocrx_word' id='word_1_232' title='bbox 715 3040 815 3118; x_wconf 77' lang='lat' dir='ltr'>fuiffe</span> <span class='ocrx_word' id='word_1_233' title='bbox 850 3043 888 3116; x_wconf 75' lang='lat' dir='ltr'>in</span> <span class='ocrx_word' id='word_1_234' title='bbox 916 3071 976 3118; x_wconf 72' lang='lat' dir='ltr'>au·</span> <span class='ocrx_word' id='word_1_235' title='bbox 1017 3045 1049 3117; x_wconf 84' lang='lat' dir='ltr'>C</span> <span class='ocrx_word' id='word_1_236' title='bbox 1092 3034 1331 3129; x_wconf 73' lang='lat' dir='ltr'>suppeditabit</span> <span class='ocrx_word' id='word_1_237' title='bbox 1355 3032 1461 3107; x_wconf 87' lang='lat' dir='ltr'>nobis</span> <span class='ocrx_word' id='word_1_238' title='bbox 1495 3029 1717 3131; x_wconf 84' lang='lat' dir='ltr'>prtelrudtta</span> <span class='ocrx_word' id='word_1_239' title='bbox 1750 3027 1857 3104; x_wconf 81' lang='lat' dir='ltr'>nobi·</span> 
     </span>
    </p>
   </div>
   <div class='ocr_carea' id='block_1_14' title="bbox 210 3134 977 3544">
    <p class='ocr_par' dir='ltr' id='par_1_14' title="bbox 210 3134 977 3544">
     <span class='ocr_line' id='line_1_41' title="bbox 211 3134 976 3236; baseline 0.009 -27"><span class='ocrx_word' id='word_1_240' title='bbox 211 3134 384 3236; x_wconf 81' lang='lat' dir='ltr'>tagrapha</span> <span class='ocrx_word' id='word_1_241' title='bbox 417 3141 619 3218; x_wconf 82' lang='lat' dir='ltr'>membrana</span> <span class='ocrx_word' id='word_1_242' title='bbox 646 3146 809 3216; x_wconf 78' lang='lat' dir='ltr'>Comitum</span> <span class='ocrx_word' id='word_1_243' title='bbox 846 3147 976 3217; x_wconf 83' lang='lat' dir='ltr'>Medio·</span> 
     </span>
     <span class='ocr_line' id='line_1_42' title="bbox 210 3237 977 3330; baseline 0.018 -22"><span class='ocrx_word' id='word_1_244' title='bbox 210 3237 363 3330; x_wconf 73' lang='lat' dir='ltr'>lunense.</span> <span class='ocrx_word' id='word_1_245' title='bbox 399 3244 448 3315; x_wconf 81' lang='lat' dir='ltr'>Et</span> <span class='ocrx_word' id='word_1_246' title='bbox 484 3241 563 3319; x_wconf 87' lang='lat' dir='ltr'>sane</span> <span class='ocrx_word' id='word_1_247' title='bbox 599 3272 642 3320; x_wconf 84' lang='lat' dir='ltr'>ex</span> <span class='ocrx_word' id='word_1_248' title='bbox 679 3247 791 3320; x_wconf 88' lang='lat' dir='ltr'>altero</span> <span class='ocrx_word' id='word_1_249' title='bbox 828 3247 977 3322; x_wconf 81' lang='lat' dir='ltr'>certiore</span> 
     </span>
     <span class='ocr_line' id='line_1_43' title="bbox 213 3343 977 3443; baseline 0.013 -30"><span class='ocrx_word' id='word_1_250' title='bbox 213 3361 450 3442; x_wconf 79' lang='lat' dir='ltr'>monumento</span> <span class='ocrx_word' id='word_1_251' title='bbox 484 3343 617 3420; x_wconf 86' lang='lat' dir='ltr'>discere</span> <span class='ocrx_word' id='word_1_252' title='bbox 651 3345 688 3421; x_wconf 92' lang='lat' dir='ltr'>id</span> <span class='ocrx_word' id='word_1_253' title='bbox 725 3349 922 3443; x_wconf 85' lang='lat' dir='ltr'>possumus,</span> <span class='ocrx_word' id='word_1_254' title='bbox 958 3377 977 3423; x_wconf 86' lang='lat' dir='ltr'>a</span> 
     </span>
     <span class='ocr_line' id='line_1_44' title="bbox 210 3442 975 3544; baseline 0.012 -31"><span class='ocrx_word' id='word_1_255' title='bbox 210 3465 278 3522; x_wconf 86' lang='lat' dir='ltr'>me.</span> <span class='ocrx_word' id='word_1_256' title='bbox 296 3442 432 3516; x_wconf 89' lang='lat' dir='ltr'>edendo</span> <span class='ocrx_word' id='word_1_257' title='bbox 467 3444 505 3516; x_wconf 92' lang='lat' dir='ltr'>in</span> <span class='ocrx_word' id='word_1_258' title='bbox 539 3447 719 3520; x_wconf 77' lang='lat' dir='ltr'>Differtat.</span> <span class='ocrx_word' id='word_1_259' title='bbox 755 3447 975 3544; x_wconf 83' lang='lat' dir='ltr'>subsequenti</span> 
     </span>
    </p>
   </div>
   <div class='ocr_carea' id='block_1_15' title="bbox 29 3535 975 3647">
    <p class='ocr_par' dir='ltr' id='par_1_15' title="bbox 29 3535 975 3647">
     <span class='ocr_line' id='line_1_45' title="bbox 29 3535 975 3647; baseline 0.012 -38"><span class='ocrx_word' id='word_1_260' title='bbox 29 3535 32 3558; x_wconf 52' lang='lat'>³</span> <span class='ocrx_word' id='word_1_261' title='bbox 167 3581 169 3584; x_wconf 96' lang='lat'>·</span> <span class='ocrx_word' id='word_1_262' title='bbox 209 3536 389 3635; x_wconf 72' lang='lat' dir='ltr'>re‘uegie.</span> <span class='ocrx_word' id='word_1_263' title='bbox 420 3543 527 3615; x_wconf 85' lang='lat' dir='ltr'>italic.</span> <span class='ocrx_word' id='word_1_264' title='bbox 560 3544 620 3618; x_wconf 92' lang='lat' dir='ltr'>ubi</span> <span class='ocrx_word' id='word_1_265' title='bbox 648 3546 766 3639; x_wconf 80' lang='lat' dir='ltr'>eadem</span> <span class='ocrx_word' id='word_1_266' title='bbox 796 3548 895 3647; x_wconf 86' lang='lat' dir='ltr'>regio</span> <span class='ocrx_word' id='word_1_267' title='bbox 921 3549 975 3621; x_wconf 90' lang='lat' dir='ltr'>di·</span> 
     </span>
    </p>
   </div>
   <div class='ocr_carea' id='block_1_16' title="bbox 212 3637 974 3746">
    <p class='ocr_par' dir='ltr' id='par_1_16' title="bbox 212 3637 974 3746">
     <span class='ocr_line' id='line_1_46' title="bbox 212 3637 974 3746; baseline 0.01 -34"><span class='ocrx_word' id='word_1_268' title='bbox 212 3637 307 3712; x_wconf 77' lang='lat' dir='ltr'>citur</span> <span class='ocrx_word' id='word_1_269' title='bbox 332 3645 371 3708; x_wconf 83' lang='lat' dir='ltr'>de</span> <span class='ocrx_word' id='word_1_270' title='bbox 397 3641 561 3711; x_wconf 77' lang='lat' dir='ltr'>comitatu</span> <span class='ocrx_word' id='word_1_271' title='bbox 588 3645 849 3731; x_wconf 71' lang='lat' dir='ltr'>Mediolanensi:</span> <span class='ocrx_word' id='word_1_272' title='bbox 881 3648 974 3746; x_wconf 89' lang='lat' dir='ltr'>quod</span> 
     </span>
    </p>
   </div>
   <div class='ocr_carea' id='block_1_17' title="bbox 211 3737 977 3932">
    <p class='ocr_par' dir='ltr' id='par_1_17' title="bbox 211 3737 977 3932">
     <span class='ocr_line' id='line_1_47' title="bbox 211 3737 976 3848; baseline 0.017 -39"><span class='ocrx_word' id='word_1_273' title='bbox 211 3737 371 3839; x_wconf 73' lang='lat' dir='ltr'>profesio</span> <span class='ocrx_word' id='word_1_274' title='bbox 397 3739 567 3839; x_wconf 81' lang='lat' dir='ltr'>stuporem</span> <span class='ocrx_word' id='word_1_275' title='bbox 606 3745 764 3848; x_wconf 80' lang='lat' dir='ltr'>ingerat.</span> <span class='ocrx_word' id='word_1_276' title='bbox 805 3753 976 3824; x_wconf 86' lang='lat' dir='ltr'>Attamen</span> 
     </span>
     <span class='ocr_line' id='line_1_48' title="bbox 211 3841 977 3932; baseline 0.02 -19"><span class='ocrx_word' id='word_1_277' title='bbox 211 3841 334 3913; x_wconf 89' lang='lat' dir='ltr'>nullus</span> <span class='ocrx_word' id='word_1_278' title='bbox 361 3842 512 3917; x_wconf 83' lang='lat' dir='ltr'>mirandi</span> <span class='ocrx_word' id='word_1_279' title='bbox 539 3847 660 3932; x_wconf 76' lang='lat' dir='ltr'>locus,</span> <span class='ocrx_word' id='word_1_280' title='bbox 688 3846 709 3921; x_wconf 85' lang='lat' dir='ltr'>fi</span> <span class='ocrx_word' id='word_1_281' title='bbox 741 3849 872 3927; x_wconf 76' lang='lat' dir='ltr'>Leiior</span> <span class='ocrx_word' id='word_1_282' title='bbox 891 3879 977 3927; x_wconf 90' lang='lat' dir='ltr'>con·</span> 
     </span>
    </p>
   </div>
   <div class='ocr_carea' id='block_1_18' title="bbox 1091 3127 1858 3436">
    <p class='ocr_par' dir='ltr' id='par_1_18' title="bbox 1091 3127 1858 3436">
     <span class='ocr_line' id='line_1_49' title="bbox 1091 3127 1856 3213; baseline -0.013 -1"><span class='ocrx_word' id='word_1_283' title='bbox 1091 3136 1220 3212; x_wconf 84' lang='lat' dir='ltr'>liffima</span> <span class='ocrx_word' id='word_1_284' title='bbox 1248 3136 1342 3213; x_wconf 88' lang='lat' dir='ltr'>Urbs</span> <span class='ocrx_word' id='word_1_285' title='bbox 1368 3133 1638 3212; x_wconf 77' lang='lat' dir='ltr'>Mediolanum.</span> <span class='ocrx_word' id='word_1_286' title='bbox 1669 3133 1763 3204; x_wconf 83' lang='lat' dir='ltr'>Nam</span> <span class='ocrx_word' id='word_1_287' title='bbox 1791 3127 1856 3203; x_wconf 84' lang='lat' dir='ltr'>etii</span> 
     </span>
     <span class='ocr_line' id='line_1_50' title="bbox 1091 3229 1856 3337; baseline -0.012 -23"><span class='ocrx_word' id='word_1_288' title='bbox 1091 3241 1181 3315; x_wconf 90' lang='lat' dir='ltr'>olim</span> <span class='ocrx_word' id='word_1_289' title='bbox 1209 3239 1248 3313; x_wconf 90' lang='lat' dir='ltr'>in</span> <span class='ocrx_word' id='word_1_290' title='bbox 1274 3234 1602 3337; x_wconf 69' lang='lat' dir='ltr'>septemtrionalem</span> <span class='ocrx_word' id='word_1_291' title='bbox 1637 3232 1777 3332; x_wconf 75' lang='lat' dir='ltr'>plagam</span> <span class='ocrx_word' id='word_1_292' title='bbox 1805 3229 1856 3305; x_wconf 87' lang='lat' dir='ltr'>il·</span> 
     </span>
     <span class='ocr_line' id='line_1_51' title="bbox 1092 3331 1858 3436; baseline -0.01 -20"><span class='ocrx_word' id='word_1_293' title='bbox 1092 3342 1160 3416; x_wconf 89' lang='lat' dir='ltr'>lius</span> <span class='ocrx_word' id='word_1_294' title='bbox 1187 3338 1396 3417; x_wconf 77' lang='lat' dir='ltr'>Comitatus</span> <span class='ocrx_word' id='word_1_295' title='bbox 1425 3331 1634 3436; x_wconf 79' lang='lat' dir='ltr'>ampliffime</span> <span class='ocrx_word' id='word_1_296' title='bbox 1670 3331 1858 3434; x_wconf 76' lang='lat' dir='ltr'>progrede-</span> 
     </span>
    </p>
   </div>
   <div class='ocr_carea' id='block_1_19' title="bbox 1093 3433 1984 3525">
    <p class='ocr_par' dir='ltr' id='par_1_19' title="bbox 1093 3433 1984 3525">
     <span class='ocr_line' id='line_1_52' title="bbox 1093 3433 1984 3525; baseline -0.009 -11"><span class='ocrx_word' id='word_1_297' title='bbox 1093 3462 1208 3525; x_wconf 83' lang='lat' dir='ltr'>retur,</span> <span class='ocrx_word' id='word_1_298' title='bbox 1236 3444 1280 3516; x_wconf 84' lang='lat' dir='ltr'>ab</span> <span class='ocrx_word' id='word_1_299' title='bbox 1305 3440 1457 3514; x_wconf 85' lang='lat' dir='ltr'>Oriente</span> <span class='ocrx_word' id='word_1_300' title='bbox 1481 3458 1601 3514; x_wconf 83' lang='lat' dir='ltr'>tamen</span> <span class='ocrx_word' id='word_1_301' title='bbox 1619 3433 1664 3513; x_wconf 81' lang='lat' dir='ltr'>ad</span> <span class='ocrx_word' id='word_1_302' title='bbox 1688 3433 1856 3510; x_wconf 71' lang='lat' dir='ltr'>Leuden-</span> <span class='ocrx_word' id='word_1_303' title='bbox 1981 3460 1984 3464; x_wconf 61' lang='grc'>“</span> 
     </span>
    </p>
   </div>
   <div class='ocr_carea' id='block_1_20' title="bbox 1092 3531 1858 3947">
    <p class='ocr_par' dir='ltr' id='par_1_20' title="bbox 1092 3531 1858 3947">
     <span class='ocr_line' id='line_1_53' title="bbox 1094 3531 1856 3642; baseline -0.007 -28"><span class='ocrx_word' id='word_1_304' title='bbox 1094 3542 1134 3617; x_wconf 82' lang='lat' dir='ltr'>lie</span> <span class='ocrx_word' id='word_1_305' title='bbox 1170 3544 1245 3642; x_wconf 84' lang='lat' dir='ltr'>agri</span> <span class='ocrx_word' id='word_1_306' title='bbox 1282 3540 1421 3616; x_wconf 87' lang='lat' dir='ltr'>limites</span> <span class='ocrx_word' id='word_1_307' title='bbox 1454 3537 1694 3628; x_wconf 74' lang='lat' dir='ltr'>confluebat,</span> <span class='ocrx_word' id='word_1_308' title='bbox 1735 3531 1775 3610; x_wconf 72' lang='grc' dir='ltr'>ἃ</span> <span class='ocrx_word' id='word_1_309' title='bbox 1810 3535 1856 3609; x_wconf 86' lang='lat' dir='ltr'>ab</span> 
     </span>
     <span class='ocr_line' id='line_1_54' title="bbox 1092 3634 1855 3720; baseline -0.01 -3"><span class='ocrx_word' id='word_1_310' title='bbox 1092 3643 1290 3719; x_wconf 88' lang='lat' dir='ltr'>Occidente</span> <span class='ocrx_word' id='word_1_311' title='bbox 1314 3641 1558 3720; x_wconf 88' lang='lat' dir='ltr'>conterminos</span> <span class='ocrx_word' id='word_1_312' title='bbox 1591 3637 1738 3716; x_wconf 84' lang='lat' dir='ltr'>habebat</span> <span class='ocrx_word' id='word_1_313' title='bbox 1764 3634 1855 3711; x_wconf 76' lang='lat' dir='ltr'>alios</span> 
     </span>
     <span class='ocr_line' id='line_1_55' title="bbox 1093 3737 1855 3839; baseline -0.012 -18"><span class='ocrx_word' id='word_1_314' title='bbox 1093 3744 1335 3839; x_wconf 82' lang='lat' dir='ltr'>Comitatus,</span> <span class='ocrx_word' id='word_1_315' title='bbox 1373 3773 1393 3819; x_wconf 88' lang='lat' dir='ltr'>a</span> <span class='ocrx_word' id='word_1_316' title='bbox 1435 3744 1497 3821; x_wconf 85' lang='lat' dir='ltr'>sua</span> <span class='ocrx_word' id='word_1_317' title='bbox 1532 3742 1675 3820; x_wconf 82' lang='lat' dir='ltr'>ditione</span> <span class='ocrx_word' id='word_1_318' title='bbox 1705 3737 1855 3815; x_wconf 87' lang='lat' dir='ltr'>omnino</span> 
     </span>
     <span class='ocr_line' id='line_1_56' title="bbox 1094 3842 1858 3947; baseline -0.007 -27"><span class='ocrx_word' id='word_1_319' title='bbox 1094 3847 1288 3947; x_wconf 79' lang='lat' dir='ltr'>sejunsios.</span> <span class='ocrx_word' id='word_1_320' title='bbox 1317 3847 1427 3942; x_wconf 84' lang='lat' dir='ltr'>Apud</span> <span class='ocrx_word' id='word_1_321' title='bbox 1452 3844 1685 3921; x_wconf 84' lang='lat' dir='ltr'>Puricellium</span> <span class='ocrx_word' id='word_1_322' title='bbox 1712 3842 1751 3916; x_wconf 90' lang='lat' dir='ltr'>in</span> <span class='ocrx_word' id='word_1_323' title='bbox 1772 3845 1858 3916; x_wconf 90' lang='lat' dir='ltr'>Mo·</span> 
     </span>
    </p>
   </div>
   <div class='ocr_carea' id='block_1_21' title="bbox 210 3939 1854 4042">
    <p class='ocr_par' dir='ltr' id='par_1_21' title="bbox 210 3939 1854 4042">
     <span class='ocr_line' id='line_1_57' title="bbox 210 3939 1854 4042; baseline 0 -27"><span class='ocrx_word' id='word_1_324' title='bbox 210 3939 302 4022; x_wconf 83' lang='lat' dir='ltr'>solat</span> <span class='ocrx_word' id='word_1_325' title='bbox 328 3940 502 4018; x_wconf 87' lang='lat' dir='ltr'>Chartam</span> <span class='ocrx_word' id='word_1_326' title='bbox 531 3947 622 4025; x_wconf 87' lang='lat' dir='ltr'>insta</span> <span class='ocrx_word' id='word_1_327' title='bbox 651 3951 739 4024; x_wconf 85' lang='lat' dir='ltr'>mihi</span> <span class='ocrx_word' id='word_1_328' title='bbox 781 3953 977 4042; x_wconf 88' lang='lat' dir='ltr'>producen·</span> <span class='ocrx_word' id='word_1_329' title='bbox 1019 3953 1054 4022; x_wconf 91' lang='lat' dir='ltr'>D</span> <span class='ocrx_word' id='word_1_330' title='bbox 1095 3949 1275 4025; x_wconf 89' lang='lat' dir='ltr'>numentis</span> <span class='ocrx_word' id='word_1_331' title='bbox 1303 3943 1854 4022; x_wconf 84' lang='lat' dir='ltr'>BafilicaeAmbrosianaenum.</span> 
     </span>
    </p>
   </div>
   <div class='ocr_carea' id='block_1_22' title="bbox 150 4040 995 5066">
    <p class='ocr_par' dir='ltr' id='par_1_22' title="bbox 150 4040 995 5066">
     <span class='ocr_line' id='line_1_58' title="bbox 210 4040 981 4131; baseline 0.017 -16"><span class='ocrx_word' id='word_1_332' title='bbox 210 4040 291 4116; x_wconf 91' lang='lat' dir='ltr'>dam</span> <span class='ocrx_word' id='word_1_333' title='bbox 330 4043 368 4118; x_wconf 89' lang='lat' dir='ltr'>in</span> <span class='ocrx_word' id='word_1_334' title='bbox 396 4045 649 4125; x_wconf 84' lang='lat' dir='ltr'>Dissertatione</span> <span class='ocrx_word' id='word_1_335' title='bbox 685 4060 800 4130; x_wconf 78' lang='lat' dir='ltr'><strong>Lxx.</strong></span> <span class='ocrx_word' id='word_1_336' title='bbox 825 4061 867 4130; x_wconf 81' lang='lat' dir='ltr'>de</span> <span class='ocrx_word' id='word_1_337' title='bbox 890 4059 981 4131; x_wconf 85' lang='lat' dir='ltr'>Cleri</span> 
     </span>
     <span class='ocr_line' id='line_1_59' title="bbox 212 4148 975 4246; baseline 0.018 -28"><span class='ocrx_word' id='word_1_338' title='bbox 212 4148 415 4222; x_wconf 76' lang='lat' dir='ltr'>immuniter.</span> <span class='ocrx_word' id='word_1_339' title='bbox 440 4175 484 4223; x_wconf 82' lang='lat' dir='ltr'>cx</span> <span class='ocrx_word' id='word_1_340' title='bbox 513 4175 580 4244; x_wconf 81' lang='lat' dir='ltr'>qua</span> <span class='ocrx_word' id='word_1_341' title='bbox 607 4152 801 4246; x_wconf 79' lang='lat' dir='ltr'>constabit,</span> <span class='ocrx_word' id='word_1_342' title='bbox 837 4166 975 4232; x_wconf 81' lang='lat' dir='ltr'>Novoco-</span> 
     </span>
     <span class='ocr_line' id='line_1_60' title="bbox 212 4249 984 4342; baseline 0.018 -23"><span class='ocrx_word' id='word_1_343' title='bbox 212 4249 344 4342; x_wconf 75' lang='lat' dir='ltr'>mnsem</span> <span class='ocrx_word' id='word_1_344' title='bbox 391 4254 501 4323; x_wconf 81' lang='lat' dir='ltr'>Urbem</span> <span class='ocrx_word' id='word_1_345' title='bbox 540 4254 651 4325; x_wconf 79' lang='lat' dir='ltr'>Anno</span> <span class='ocrx_word' id='word_1_346' title='bbox 697 4258 984 4333; x_wconf 68' lang='lat' dir='ltr'>DCCCLXXX.</span> 
     </span>
     <span class='ocr_line' id='line_1_61' title="bbox 214 4350 995 4452; baseline 0.005 -28"><span class='ocrx_word' id='word_1_347' title='bbox 214 4350 335 4424; x_wconf 73' lang='lat' dir='ltr'>comiti</span> <span class='ocrx_word' id='word_1_348' title='bbox 373 4353 611 4439; x_wconf 72' lang='lat' dir='ltr'>Mediolanensi</span> <span class='ocrx_word' id='word_1_349' title='bbox 641 4352 741 4428; x_wconf 84' lang='lat' dir='ltr'>fuisse</span> <span class='ocrx_word' id='word_1_350' title='bbox 768 4353 995 4452; x_wconf 65' lang='lat' dir='ltr'>subjeiiam‚⁴</span> 
     </span>
     <span class='ocr_line' id='line_1_62' title="bbox 214 4453 981 4547; baseline 0.014 -23"><span class='ocrx_word' id='word_1_351' title='bbox 214 4473 321 4547; x_wconf 86' lang='lat' dir='ltr'>atque</span> <span class='ocrx_word' id='word_1_352' title='bbox 347 4453 436 4528; x_wconf 88' lang='lat' dir='ltr'>adeo</span> <span class='ocrx_word' id='word_1_353' title='bbox 470 4455 532 4530; x_wconf 91' lang='lat' dir='ltr'>suo</span> <span class='ocrx_word' id='word_1_354' title='bbox 567 4457 717 4531; x_wconf 77' lang='lat' dir='ltr'>Comite</span> <span class='ocrx_word' id='word_1_355' title='bbox 749 4455 981 4535; x_wconf 81' lang='lat' dir='ltr'>destitutam.</span> 
     </span>
     <span class='ocr_line' id='line_1_63' title="bbox 216 4551 979 4658; baseline 0.013 -33"><span class='ocrx_word' id='word_1_356' title='bbox 216 4551 302 4625; x_wconf 78' lang='lat' dir='ltr'>Sive</span> <span class='ocrx_word' id='word_1_357' title='bbox 339 4558 435 4629; x_wconf 87' lang='lat' dir='ltr'>enim</span> <span class='ocrx_word' id='word_1_358' title='bbox 476 4585 516 4631; x_wconf 91' lang='lat' dir='ltr'>ea</span> <span class='ocrx_word' id='word_1_359' title='bbox 550 4555 697 4635; x_wconf 82' lang='lat' dir='ltr'>Civitas</span> <span class='ocrx_word' id='word_1_360' title='bbox 735 4578 878 4658; x_wconf 86' lang='lat' dir='ltr'>propter</span> <span class='ocrx_word' id='word_1_361' title='bbox 914 4561 979 4635; x_wconf 89' lang='lat' dir='ltr'>ali·</span> 
     </span>
     <span class='ocr_line' id='line_1_64' title="bbox 173 4652 981 4754; baseline 0.015 -32"><span class='ocrx_word' id='word_1_362' title='bbox 173 4727 176 4734; x_wconf 55' lang='lat'><em>,</em></span> <span class='ocrx_word' id='word_1_363' title='bbox 215 4652 310 4747; x_wconf 92' lang='lat' dir='ltr'>quod</span> <span class='ocrx_word' id='word_1_364' title='bbox 346 4658 507 4740; x_wconf 82' lang='lat' dir='ltr'>crimen,</span> <span class='ocrx_word' id='word_1_365' title='bbox 544 4657 755 4739; x_wconf 76' lang='lat' dir='ltr'>Comitatus</span> <span class='ocrx_word' id='word_1_366' title='bbox 791 4662 864 4754; x_wconf 78' lang='lat' dir='ltr'>iure</span> <span class='ocrx_word' id='word_1_367' title='bbox 901 4660 981 4748; x_wconf 87' lang='lat' dir='ltr'>spo-</span> 
     </span>
     <span class='ocr_line' id='line_1_65' title="bbox 150 4751 984 4845; baseline 0.012 -20"><span class='ocrx_word' id='word_1_368' title='bbox 150 4800 152 4807; x_wconf 92' lang='lat'>·</span> <span class='ocrx_word' id='word_1_369' title='bbox 214 4752 302 4826; x_wconf 86' lang='lat' dir='ltr'>iiata</span> <span class='ocrx_word' id='word_1_370' title='bbox 330 4751 459 4837; x_wconf 76' lang='lat' dir='ltr'>fuerit,</span> <span class='ocrx_word' id='word_1_371' title='bbox 491 4756 560 4830; x_wconf 81' lang='lat' dir='ltr'>stve</span> <span class='ocrx_word' id='word_1_372' title='bbox 587 4761 756 4845; x_wconf 86' lang='lat' dir='ltr'>honorem</span> <span class='ocrx_word' id='word_1_373' title='bbox 785 4764 879 4839; x_wconf 82' lang='lat' dir='ltr'>stunc</span> <span class='ocrx_word' id='word_1_374' title='bbox 907 4789 984 4834; x_wconf 90' lang='lat' dir='ltr'>am-</span> 
     </span>
     <span class='ocr_line' id='line_1_66' title="bbox 215 4851 985 4956; baseline 0.003 -25"><span class='ocrx_word' id='word_1_375' title='bbox 215 4851 389 4952; x_wconf 80' lang='lat' dir='ltr'>ptiffimae</span> <span class='ocrx_word' id='word_1_376' title='bbox 418 4854 506 4928; x_wconf 87' lang='lat' dir='ltr'>Urbi</span> <span class='ocrx_word' id='word_1_377' title='bbox 534 4883 574 4928; x_wconf 93' lang='lat' dir='ltr'>ac</span> <span class='ocrx_word' id='word_1_378' title='bbox 601 4857 801 4956; x_wconf 76' lang='lat' dir='ltr'>Metropoli</span> <span class='ocrx_word' id='word_1_379' title='bbox 840 4863 985 4939; x_wconf 80' lang='lat' dir='ltr'>Medio-</span> 
     </span>
     <span class='ocr_line' id='line_1_67' title="bbox 216 4954 985 5066; baseline 0.004 -31"><span class='ocrx_word' id='word_1_380' title='bbox 216 4954 345 5037; x_wconf 80' lang='lat' dir='ltr'>laueufi</span> <span class='ocrx_word' id='word_1_381' title='bbox 371 4961 448 5034; x_wconf 81' lang='lat' dir='ltr'>Rex</span> <span class='ocrx_word' id='word_1_382' title='bbox 466 4959 728 5063; x_wconf 80' lang='lat' dir='ltr'>autAugullus</span> <span class='ocrx_word' id='word_1_383' title='bbox 748 4963 879 5066; x_wconf 84' lang='lat' dir='ltr'>aliquis</span> <span class='ocrx_word' id='word_1_384' title='bbox 901 4991 985 5040; x_wconf 87' lang='lat' dir='ltr'>con·</span> 
     </span>
    </p>
   </div>
   <div class='ocr_carea' id='block_1_23' title="bbox 1095 4043 1874 4957">
    <p class='ocr_par' dir='ltr' id='par_1_23' title="bbox 1095 4043 1874 4957">
     <span class='ocr_line' id='line_1_68' title="bbox 1098 4043 1856 4148; baseline -0.015 -20"><span class='ocrx_word' id='word_1_385' title='bbox 1098 4078 1180 4148; x_wconf 79' lang='lat'>150.</span> <span class='ocrx_word' id='word_1_386' title='bbox 1218 4050 1386 4146; x_wconf 88' lang='lat' dir='ltr'>Diploma</span> <span class='ocrx_word' id='word_1_387' title='bbox 1423 4043 1626 4148; x_wconf 80' lang='lat' dir='ltr'>Berengarii</span> <span class='ocrx_word' id='word_1_388' title='bbox 1664 4045 1770 4139; x_wconf 73' lang='lat' dir='ltr'>Regis</span> <span class='ocrx_word' id='word_1_389' title='bbox 1803 4045 1856 4117; x_wconf 90' lang='lat' dir='ltr'>le·</span> 
     </span>
     <span class='ocr_line' id='line_1_69' title="bbox 1095 4146 1853 4255; baseline -0.02 -24"><span class='ocrx_word' id='word_1_390' title='bbox 1095 4155 1192 4255; x_wconf 84' lang='lat' dir='ltr'>gitur</span> <span class='ocrx_word' id='word_1_391' title='bbox 1216 4154 1385 4254; x_wconf 87' lang='lat' dir='ltr'>scriptum</span> <span class='ocrx_word' id='word_1_392' title='bbox 1406 4156 1515 4226; x_wconf 84' lang='lat' dir='ltr'>Anno</span> <span class='ocrx_word' id='word_1_393' title='bbox 1540 4146 1675 4224; x_wconf 82' lang='lat' dir='ltr'>Christi</span> <span class='ocrx_word' id='word_1_394' title='bbox 1700 4147 1853 4220; x_wconf 85' lang='lat' dir='ltr'>DCCC·</span> 
     </span>
     <span class='ocr_line' id='line_1_70' title="bbox 1100 4242 1854 4352; baseline -0.013 -25"><span class='ocrx_word' id='word_1_395' title='bbox 1100 4262 1229 4330; x_wconf 81' lang='lat' dir='ltr'>xclv.</span> <span class='ocrx_word' id='word_1_396' title='bbox 1257 4256 1296 4329; x_wconf 89' lang='lat' dir='ltr'>in</span> <span class='ocrx_word' id='word_1_397' title='bbox 1331 4282 1402 4352; x_wconf 84' lang='lat' dir='ltr'>quo</span> <span class='ocrx_word' id='word_1_398' title='bbox 1428 4249 1627 4328; x_wconf 85' lang='lat' dir='ltr'>Canonicis</span> <span class='ocrx_word' id='word_1_399' title='bbox 1649 4242 1854 4322; x_wconf 77' lang='lat' dir='ltr'>Ambrosia·</span> 
     </span>
     <span class='ocr_line' id='line_1_71' title="bbox 1097 4351 1856 4453; baseline -0.017 -23"><span class='ocrx_word' id='word_1_400' title='bbox 1097 4384 1163 4430; x_wconf 90' lang='lat' dir='ltr'>nae</span> <span class='ocrx_word' id='word_1_401' title='bbox 1195 4355 1347 4453; x_wconf 76' lang='lat' dir='ltr'>ejusdem</span> <span class='ocrx_word' id='word_1_402' title='bbox 1384 4354 1552 4438; x_wconf 77' lang='lat' dir='ltr'>Bafilitae</span> <span class='ocrx_word' id='word_1_403' title='bbox 1584 4351 1713 4434; x_wconf 77' lang='lat' dir='ltr'>donat,</span> <span class='ocrx_word' id='word_1_404' title='bbox 1749 4351 1856 4420; x_wconf 80' lang='lat' dir='ltr'>Man-</span> 
     </span>
     <span class='ocr_line' id='line_1_72' title="bbox 1098 4450 1859 4553; baseline -0.016 -24"><span class='ocrx_word' id='word_1_405' title='bbox 1098 4459 1164 4548; x_wconf 74' lang='lat' dir='ltr'>lum</span> <span class='ocrx_word' id='word_1_406' title='bbox 1190 4459 1274 4529; x_wconf 83' lang='lat' dir='ltr'>iliud</span> <span class='ocrx_word' id='word_1_407' title='bbox 1287 4509 1299 4540; x_wconf 82' lang='lat'>,</span> <span class='ocrx_word' id='word_1_408' title='bbox 1333 4462 1415 4553; x_wconf 80' lang='lat' dir='ltr'>qnod</span> <span class='ocrx_word' id='word_1_409' title='bbox 1440 4457 1483 4545; x_wconf 81' lang='lat' dir='ltr'>esi</span> <span class='ocrx_word' id='word_1_410' title='bbox 1519 4458 1552 4526; x_wconf 90' lang='lat' dir='ltr'>in</span> <span class='ocrx_word' id='word_1_411' title='bbox 1578 4450 1753 4525; x_wconf 80' lang='lat' dir='ltr'>Cornaiede</span> <span class='ocrx_word' id='word_1_412' title='bbox 1782 4470 1859 4540; x_wconf 81' lang='lat' dir='ltr'>per-</span> 
     </span>
     <span class='ocr_line' id='line_1_73' title="bbox 1097 4548 1861 4650; baseline -0.008 -18"><span class='ocrx_word' id='word_1_413' title='bbox 1097 4560 1205 4632; x_wconf 82' lang='lat' dir='ltr'>tinens</span> <span class='ocrx_word' id='word_1_414' title='bbox 1241 4589 1281 4631; x_wconf 82' lang='lat' dir='ltr'>eae</span> <span class='ocrx_word' id='word_1_415' title='bbox 1316 4561 1478 4632; x_wconf 78' lang='lat' dir='ltr'>Comitem</span> <span class='ocrx_word' id='word_1_416' title='bbox 1514 4551 1744 4650; x_wconf 60' lang='lat' dir='ltr'>Fraqionense.</span> <span class='ocrx_word' id='word_1_417' title='bbox 1780 4548 1861 4626; x_wconf 76' lang='lat' dir='ltr'>Ubi</span> 
     </span>
     <span class='ocr_line' id='line_1_74' title="bbox 1097 4650 1874 4755; baseline -0.01 -23"><span class='ocrx_word' id='word_1_418' title='bbox 1097 4659 1181 4733; x_wconf 82' lang='lat' dir='ltr'>fieus</span> <span class='ocrx_word' id='word_1_419' title='bbox 1220 4657 1327 4734; x_wconf 83' lang='lat' dir='ltr'>suerit</span> <span class='ocrx_word' id='word_1_420' title='bbox 1367 4662 1572 4734; x_wconf 86' lang='lat' dir='ltr'>Comitatus</span> <span class='ocrx_word' id='word_1_421' title='bbox 1612 4655 1674 4733; x_wconf 85' lang='lat' dir='ltr'>ille</span> <span class='ocrx_word' id='word_1_422' title='bbox 1714 4650 1874 4755; x_wconf 16' lang='lat' dir='ltr'>fresio-¹</span> 
     </span>
     <span class='ocr_line' id='line_1_75' title="bbox 1098 4742 1865 4859; baseline -0.009 -24"><span class='ocrx_word' id='word_1_423' title='bbox 1098 4759 1229 4840; x_wconf 78' lang='lat' dir='ltr'>neniis.</span> <span class='ocrx_word' id='word_1_424' title='bbox 1266 4760 1357 4835; x_wconf 83' lang='lat' dir='ltr'>inira</span> <span class='ocrx_word' id='word_1_425' title='bbox 1384 4763 1584 4859; x_wconf 87' lang='lat' dir='ltr'>inquiram.</span> <span class='ocrx_word' id='word_1_426' title='bbox 1621 4763 1674 4832; x_wconf 84' lang='lat' dir='ltr'>Ar</span> <span class='ocrx_word' id='word_1_427' title='bbox 1701 4742 1865 4830; x_wconf 71' lang='lat' dir='ltr'>Gnarus·</span> 
     </span>
     <span class='ocr_line' id='line_1_76' title="bbox 1097 4860 1859 4957; baseline -0.008 -23"><span class='ocrx_word' id='word_1_428' title='bbox 1097 4890 1181 4935; x_wconf 87' lang='lat' dir='ltr'>neus</span> <span class='ocrx_word' id='word_1_429' title='bbox 1208 4864 1365 4935; x_wconf 86' lang='lat' dir='ltr'>Flamma</span> <span class='ocrx_word' id='word_1_430' title='bbox 1395 4864 1432 4937; x_wconf 91' lang='lat' dir='ltr'>in</span> <span class='ocrx_word' id='word_1_431' title='bbox 1462 4861 1652 4957; x_wconf 81' lang='lat' dir='ltr'>Manipulo</span> <span class='ocrx_word' id='word_1_432' title='bbox 1691 4860 1859 4944; x_wconf 82' lang='lat' dir='ltr'>Florum,</span> 
     </span>
    </p>
   </div>
   <div class='ocr_carea' id='block_1_24' title="bbox 1096 4959 1860 5134">
    <p class='ocr_par' dir='ltr' id='par_1_24' title="bbox 1096 4959 1860 5134">
     <span class='ocr_line' id='line_1_77' title="bbox 1096 4959 1860 5133; baseline -0.016 -94"><span class='ocrx_word' id='word_1_433' title='bbox 1096 4967 1218 5039; x_wconf 83' lang='lat' dir='ltr'>Tomo</span> <span class='ocrx_word' id='word_1_434' title='bbox 1244 4969 1309 5038; x_wconf 82' lang='lat' dir='ltr'>XI.</span> <span class='ocrx_word' id='word_1_435' title='bbox 1345 4968 1425 5039; x_wconf 82' lang='lat' dir='ltr'>Rer.</span> <span class='ocrx_word' id='word_1_436' title='bbox 1461 4963 1621 5040; x_wconf 79' lang='lat' dir='ltr'>Italicas.</span> <span class='ocrx_word' id='word_1_437' title='bbox 1657 4986 1739 5133; x_wconf 58' lang='lat' dir='ltr'>pagi²</span> <span class='ocrx_word' id='word_1_438' title='bbox 1772 4959 1860 5052; x_wconf 81' lang='lat'><em>649.</em></span> 
     </span>
     <span class='ocr_line' id='line_1_78' title="bbox 1741 5081 1800 5134; baseline -0.068 0"><span class='ocrx_word' id='word_1_439' title='bbox 1741 5081 1800 5134; x_wconf 87' lang='lat' dir='ltr'>aec</span> 
     </span>
    </p>
   </div>
   <div class='ocr_carea' id='block_1_25' title="bbox 0 0 2123 6004">
    <p class='ocr_par' dir='ltr' id='par_1_25' title="bbox 0 0 2123 6004">
     <span class='ocr_line' id='line_1_79' title="bbox 0 0 2123 6004; baseline 0 0"><span class='ocrx_word' id='word_1_440' title='bbox 0 0 2123 6004; x_wconf 95' lang='lat' dir='ltr'> </span> 
     </span>
    </p>
   </div>
  </div>
 </body>
</html>
