4216 6014
288 346 371 430 239
592 307 1512 430 rossontensossnurr
1719 312 1811 428 αα

224 452 318 529 atque
352 433 539 520 cultellum,
577 429 622 500 (Υ
655 431 733 499 duos
758 456 905 513 wantos,
941 454 989 502 to·
1029 441 1064 513 A
1099 430 1234 520 liranum
1267 429 1436 523 proficiant
1469 432 1515 503 ad
1543 427 1679 520 salutem
1704 432 1747 502 Φ
1778 457 1876 530 gast·

226 552 294 604 tum
333 533 460 616 infimul
500 530 558 603 bas
593 537 721 601 tandem
757 528 824 609 vili
856 535 988 625 sumus,
1104 534 1194 604 dium
1228 535 1481 629 sempiternum.
1523 538 1571 604 Et
1610 531 1720 602 exinde
1754 536 1796 604 de
1834 558 1879 607 ea

139 640 142 645 ’
227 636 272 705 (9⁶
305 633 490 724 corporalem
518 631 656 723 facimus
690 633 911 721 investituram
946 638 989 706 0
1106 635 1238 724 omnia,
1278 637 1414 730 qualiter
1448 633 1594 730 superius
1634 633 1774 730 legitur,
1816 658 1877 706 nos

226 736 432 810 traditionem
460 735 519 825 seu
552 732 725 829 offersionis
761 736 884 806 nomine
915 757 989 832 pre·
1100 733 1174 830 jam
1207 735 1308 808 diliis
1337 734 1507 831 jugalibus
1541 736 1629 807 nobis
1655 736 1768 804 exinde
1794 735 1874 806 nul·

219 839 307 932 senti
340 836 393 905 die
419 838 464 906 θ’
487 837 564 906 bora
597 840 644 906 ad
671 832 746 927 jure
780 835 877 931 ipfius
902 838 990 908 Stole
1106 837 1172 909 lam
1198 837 1431 928 refiwavimus
1463 838 1506 908 ab
1543 833 1620 932 ipsts
1644 834 1722 920 cafis
1748 836 1793 906 (9¹
1820 860 1872 907 re-

223 936 424 1033 perpetuario
449 935 572 1006 nomine
598 936 801 1008 babendum.
838 938 927 1009 Idem
954 938 989 1008 in
1105 940 1164 1008 bus
1200 964 1266 1009 una
1301 964 1369 1009 cum
1397 936 1611 1033 superioribus
1636 939 1681 1006 0·
1706 935 1872 1026 inferiori-

226 1043 385 1136 integrum
419 1036 562 1108 amnibus
596 1063 633 1108 ea
646 1062 674 1107 rs
699 1035 748 1115 &²
774 1040 864 1110 rebus
899 1038 990 1108 illius
1105 1041 1163 1109 bus
1187 1065 1294 1108 earum
1320 1064 1444 1119 rerum,
1469 1064 1538 1109 eum
1565 1035 1748 1133 ingreffibus
1773 1058 1871 1134 atque
1950 1120 1952 1125 ¹

222 1140 310 1237 jures
335 1135 382 1215 (r
405 1136 609 1234 proprietatis
627 1137 745 1225 nollre,
772 1141 855 1235 quod
873 1139 990 1236 supra·
1105 1139 1285 1233 regreffibus
1304 1139 1374 1232 suis
1400 1136 1639 1212 communibus.
1676 1143 1724 1210 Et
1753 1137 1871 1222 five-

226 1241 324 1314 diblis
355 1238 549 1334 iugalibus,
583 1265 674 1336 wem
709 1266 764 1310 nos
799 1239 912 1312 babere
947 1240 991 1308 dr
1106 1265 1161 1327 ro,
1188 1240 1270 1333 quod
1299 1240 1446 1330 futurum
1470 1237 1529 1336 effe
1554 1267 1615 1311 non
1641 1235 1873 1323 eredimus,fi

226 1343 375 1437 poffidere
399 1337 466 1422 vifi
483 1339 616 1431 sumus,
642 1340 699 1435 qui
720 1339 816 1435 politi
834 1341 914 1431 sunt
940 1340 989 1435 ip·
1029 1345 1057 1416 B
1105 1339 1233 1435 aliquid
1256 1346 1296 1411 de
1319 1341 1485 1414 heredibus
1509 1367 1546 1415 at
1566 1341 1789 1431 proheredibus
1810 1366 1871 1412 rse-

221 1442 271 1530 sis
297 1440 374 1526 salis
400 1441 444 1510 Θ
468 1443 559 1511 rebus
585 1440 620 1512 in
645 1441 708 1511 loeo
733 1438 782 1519 dn
801 1440 905 1531 fundo
924 1445 990 1512 Ca·
1098 1441 1204 1527 siris,
1238 1462 1297 1513 aus
1321 1442 1460 1538 quelibet
1492 1442 1562 1513 ulla
1586 1440 1724 1537 opposita
1749 1466 1873 1539 magua

228 1571 358 1639 verona
388 1543 433 1614 ab
466 1539 544 1631 ipsis
577 1539 654 1622 talis
687 1541 733 1611 (9·
766 1541 884 1623 rebus,
922 1561 990 1613 tam
1100 1562 1268 1635 parvaque
1290 1545 1422 1632 persona
1445 1542 1603 1612 bominum
1630 1543 1803 1633 surrexerit
1831 1570 1875 1617 a·

229 1647 323 1718 terris
345 1641 498 1735 casalinis
523 1642 568 1710 0
593 1641 686 1712 terris
716 1669 786 1714 eum
809 1642 917 1715 vineis
942 1641 990 1722 (α’
1103 1641 1256 1735 liquando
1281 1662 1433 1738 tempore,
1459 1647 1542 1736 quad
1564 1661 1671 1712 eontra
1693 1642 1792 1735 hujus
1810 1669 1877 1714 na-

229 1747 323 1821 terris
340 1741 511 1831 aratoreis,
532 1741 590 1833 seu
607 1741 734 1839 vigris,
759 1743 887 1831 vineit,
906 1771 990 1817 eam·
1097 1742 1184 1829 lirae
1205 1743 1361 1839 paginam
1385 1741 1578 1836 offerfionis,
1613 1766 1704 1837 quem
1730 1768 1786 1812 nos
1813 1768 1900 1819 no·.

228 1850 310 1941 pis,
343 1844 468 1940 pratis,
501 1843 651 1938 pascuis,
680 1842 803 1935 stivis,
832 1843 990 1937 sabellis,
1101 1841 1183 1931 liras
1217 1846 1295 1915 buno
1328 1845 1435 1915 animo
1461 1840 1540 1931 fieri
1575 1843 1789 1936 rogavimus,
1826 1843 1876 1916 ire

226 1947 433 2042 sationibus,
459 1943 570 2025 rivis,
595 1970 633 2014 ao
654 1947 855 2035 padulibus,
888 1944 992 2040 pisea-
1108 1944 1292 2039 quandoque
1325 1943 1555 2031 temptaverit,
1589 1962 1647 2013 aut
1662 1968 1710 2014 ea
1743 1942 1875 2033 infran-

234 2049 393 2125 tionibus,
418 2050 533 2141 aquis,
558 2069 771 2142 aquarumque
796 2046 992 2137 deeurfibnr,
1104 2069 1179 2141 gere
1216 2044 1404 2124 voluerint,
1446 2038 1494 2121 ἐφ’
1531 2040 1698 2137 probatum
1730 2042 1874 2139 suerit,

233 2175 301 2224 eum
326 2145 432 2218 omnia
456 2142 505 2224 (θ’
530 2172 568 2215 ex
592 2146 735 2218 omuibus
766 2148 808 2219 de
840 2169 994 2245 quantum
1109 2167 1184 2239 tunq
1208 2167 1370 2243 componat
1404 2143 1486 2239 ipsos
1511 2145 1636 2215 beredes
1660 2171 1697 2216 at
1727 2146 1876 2239 prebere·

58 2256 85 2271 ⁸*
235 2256 280 2326 nd
311 2248 381 2341 jam
414 2246 539 2320 dilium
571 2247 634 2319 loeo
668 2253 845 2345 Cavenaua
872 2251 995 2346 legibus
1036 2240 1069 2314 C
1108 2246 1203 2318 dibus
1229 2246 1342 2333 nostris
1366 2246 1459 2316 vobis
1484 2239 1541 2318 vol
1573 2247 1620 2315 ad
1652 2244 1770 2332 vestros
1797 2249 1874 2341 stre·

234 2350 413 2450 pertinent,
449 2374 506 2420 nos
531 2347 589 2445 qui
615 2348 799 2445 supradilli
827 2348 997 2447 jugalibus
1109 2341 1255 2439 seffora,
1282 2346 1339 2443 qui
1360 2367 1418 2442 pro
1443 2368 1578 2438 tempore
1604 2347 1639 2415 in
1667 2348 1736 2442 ipsa
1755 2346 1876 2441 sanila

238 2456 273 2524 in
307 2453 375 2544 jam
406 2448 499 2522 dilla
522 2451 615 2521 sena
624 2501 757 2525 .......
783 2453 824 2524 de
854 2450 998 2549 predilla
1110 2446 1304 2520 militaverit
1330 2445 1490 2538 Ecclefia‚
1517 2447 1593 2543 ipfis
1615 2446 1772 2541 predillis
1796 2450 1876 2537 easta

238 2556 329 2625 Esele
343 2579 376 2623 ra
401 2553 519 2624 Saone
554 2551 665 2623 Μανία
688 2555 862 2643 donamus,
896 2579 997 2624 tonce-
1112 2548 1160 2631 (θ’
1194 2545 1285 2618 rebus
1310 2544 1358 2626 Θ
1384 2547 1514 2630 omnia,
1542 2547 1628 2632 ficut
1655 2549 1756 2645 supra
1790 2551 1876 2649 legi-

235 2656 363 2740 dimus‚
389 2651 547 2724 tradimus
570 2672 665 2747 atque
690 2653 849 2748 offerimus
870 2675 927 2748 per
948 2678 997 2722 re·
1112 2668 1186 2738 tur,
1215 2649 1320 2721 omnia
1345 2652 1378 2719 in
1404 2646 1564 2745 duplum,
1594 2645 1643 2726 oin
1668 2650 1796 2747 insuper
1810 2654 1879 2742 fli-

238 2756 378 2826 medium
416 2754 542 2826 animae
579 2751 699 2840 nolitne
735 2755 791 2824 vel
831 2774 999 2850 parentum
1067 2820 1071 2827 ,
1110 2750 1289 2846 pulaeionis
1314 2751 1437 2820 nomine
1462 2775 1677 2847 componamus
1700 2753 1794 2825 vobis
1816 2777 1879 2853 pe-

240 2856 432 2942 nop'irorum.
467 2858 606 2950 Itemque
639 2856 859 2945 concedimus,
897 2858 999 2926 dona·
1115 2880 1157 2923 na
1183 2879 1241 2950 que
1267 2851 1311 2921 Θ
1335 2853 1438 2923 multa
1461 2878 1530 2924 una
1554 2876 1624 2924 euru
1645 2852 1787 2945 [sociante
1812 2857 1880 2930 Fi·

240 2984 309 3029 mus
334 2975 428 3054 atque
452 2956 613 3049 offerimus
635 2976 693 3046 per
717 2957 798 3028 bane
830 2959 999 3055 presentem
1108 2952 1160 3044 ssa
1192 2951 1267 3026 auri
1300 2953 1413 3048 optimi
1446 2954 1541 3026 uncia
1573 2978 1675 3044 ursa,
1708 2978 1881 3053 argentean

238 3059 393 3156 paginam
418 3054 591 3154 offersionis
617 3057 736 3144 nollrae
752 3086 775 3131 a
798 3060 853 3129 die
874 3059 1001 3153 presen·
1112 3057 1266 3148 ponderas
1297 3055 1381 3125 duas
1415 3054 1540 3126 coellus
1572 3054 1773 3143 absolvamus
1783 3107 1797 3141 ,
1827 3059 1880 3143 (α’

240 3164 269 3233 ti
294 3159 341 3239 «θ’
367 3185 422 3232 ora
446 3160 491 3232 ad
510 3156 586 3252 jure
617 3158 714 3254 ipsius
744 3165 832 3231 sene
861 3160 1002 3257 proprie·
1044 3166 1077 3234 D
1114 3156 1154 3225 de
1178 3157 1234 3226 boc
1256 3155 1340 3251 quod
1364 3155 1566 3246 repetierint,
1602 3156 1701 3228 nr'ebil
1722 3159 1879 3234 vindiea-

240 3263 323 3336 tario
357 3262 480 3334 nomine
500 3260 559 3333 'ad
591 3259 768 3332 babendum
794 3263 877 3333 idem
903 3261 1004 3331 omnis

242 3364 376 3448 tranlita
417 3364 478 3434 iiia
517 3359 601 3456 p‘uris
636 3362 843 3455 proprietatis
882 3363 1002 3450 nolire,

242 3477 290 3539 (φ
314 3462 464 3556 poffidere
487 3458 554 3542 erist
572 3458 708 3547 sumus,
738 3461 782 3525 (θ’
808 3460 896 3529 nobis
921 3461 1003 3553 legi-

210 3562 212 3566 ⁴
243 3565 299 3634 bus
323 3559 508 3655 pertinent,
535 3552 582 3631 (θ’
604 3553 691 3646 juris
715 3555 826 3626 babere
852 3555 885 3624 iu
911 3558 1004 3625 alveo

236 3660 349 3756 fluvio
373 3654 528 3740 Arbelis,
555 3654 611 3751 qui
636 3673 767 3727 vocatur
786 3655 923 3726 Flumen
944 3660 1003 3727 Ve-

242 3765 325 3850 dre,
357 3776 453 3854 prope
479 3753 554 3851 jam
587 3754 677 3828 dibba
712 3754 852 3839 Ecclefia
886 3755 1005 3829 Sane‘ie

243 3861 356 3933 Μανία
389 3884 458 3930 cum
492 3858 598 3932 omnia
622 3855 671 3939 ἔθ’
696 3885 734 3930 ere
757 3857 926 3948 omnibus,
955 3856 1003 3943 st-

1116 3258 1330 3329 rehabeant.
1367 3262 1417 3327 Et
1440 3257 1568 3348 insuper
1591 3284 1659 3330 cum
1682 3264 1715 3351 J
1715 3262 1781 3332 ude
1804 3281 1881 3337 tre-

1116 3357 1216 3429 ditore
1241 3379 1316 3429 ante
1340 3357 1485 3431 tribunal
1508 3361 1631 3432 aeterni
1652 3363 1792 3452 Judieis
1816 3365 1881 3438 ba-

1118 3461 1212 3528 beant
1236 3458 1491 3533 damnationem.
1518 3467 1567 3532 Ee
1589 3462 1641 3531 bec
1659 3464 1788 3553 presens
1808 3485 1881 3559 pa-

1114 3556 1197 3649 gina
1235 3556 1438 3651 offerfionis,
1474 3559 1556 3644 ficut
1586 3561 1684 3656 supra
1721 3563 1876 3658 legitur,

1119 3655 1261 3751 omnique
1294 3680 1428 3751 tempore
1451 3659 1555 3753 firma
1579 3664 1622 3737 θ
1641 3661 1787 3750 stabilis,
1824 3665 1881 3737 in-

1120 3757 1269 3847 convulsa
1294 3758 1343 3837 ψ’
1367 3761 1586 3837 irrevocabilis
1607 3784 1810 3858 permaneat,
1829 3767 1885 3854 fi-

1121 3883 1160 3926 ne
1196 3858 1280 3928 omni
1314 3865 1541 3936 contraditione
1578 3869 1769 3958 bominum,
1813 3896 1884 3943 cum

243 3982 296 4033 eut
315 3960 415 4056 supra
438 3985 514 4050 nos,
539 3961 596 4056 qui
614 3960 814 4052 supradib‘lis
834 3958 1005 4057 jugalibus
1114 3956 1323 4055 stipulatione
1351 3962 1513 4052 subnixa.
1550 3973 1599 4039 Et
1623 3971 1701 4066 quia
1726 3995 1781 4039 nos
1805 3970 1885 4067 iplis

242 4061 380 4159 presenti
403 4059 457 4132 die
482 4060 527 4130 (9¹
551 4084 607 4132 ora
631 4066 675 4133 ad
696 4060 770 4154 jure
795 4061 893 4158 ipfius
918 4063 1007 4134 Stolo
1052 4068 1081 4138 E
1116 4059 1343 4153 supraJiriptis
1378 4064 1543 4160 jugalibus
1580 4070 1661 4142 bane
1700 4067 1884 4148 membrana

243 4188 299 4261 per
336 4163 417 4236 bant
447 4159 618 4257 presentem
647 4162 802 4256 paginam
836 4164 1007 4257 rfferfionis

245 4270 424 4354 donamus,
459 4261 617 4336 tradimus
642 4281 739 4356 atque
761 4261 945 4353 offeremus:
970 4284 1007 4333 us

246 4367 360 4454 Cresius
400 4365 444 4435 Θ
482 4361 624 4454 Rel'lor,
664 4362 721 4459 qui
762 4360 878 4431 ibidem
919 4366 1007 4432 modo

248 4469 317 4553 eli,
342 4467 398 4537 nel
422 4464 479 4561 qui
501 4485 558 4560 pro
583 4487 718 4556 tempore
736 4459 885 4553 fuerint,
910 4465 1007 4535 talem

248 4564 359 4632 exinde
386 4567 523 4636 babeant
554 4566 735 4655 potestatem
759 4566 800 4634 de
826 4562 907 4658 ipsas
934 4591 982 4634 res
994 4614 1006 4646 ,

249 4680 343 4755 atque
367 4663 556 4743 transitaret,
575 4665 659 4749 deut
677 4667 777 4763 supra
802 4664 940 4759 legitur,
965 4668 1009 4736 ad

249 4762 417 4859 regendum
438 4761 740 4856 &gubernandum
759 4766 817 4855 seu
841 4765 1009 4858 disponen-

138 4902 141 4907 ·
248 4866 351 4950 dunt,
381 4858 528 4945 litarde
554 4861 640 4932 alias
664 4888 712 4932 res
736 4863 810 4959 ipfis
835 4867 923 4935 Seole
951 4864 1011 4954 j'n-¹

250 4992 313 5041 sere
336 4961 403 5047 vili
422 4960 501 5054 sunt
522 4981 580 5058 per
611 4962 812 5058 potestatem,
847 4987 884 5037 ut
912 4965 1008 5057 forfi-

255 5088 328 5139 tans
354 5064 443 5141 nobis
473 5082 672 5165 peccatores,
703 5084 929 5166 parentumque
958 5072 1043 5163 no!
1094 5072 1102 5163 ξ

1116 4160 1215 4244 fimul
1249 4190 1316 4235 eum
1351 4168 1470 4240 calamo
1494 4165 1543 4247 &⁹
1568 4170 1809 4245 attramentario
1833 4170 1883 4254 θ

1121 4264 1224 4358 pinna
1248 4285 1343 4360 atque
1368 4270 1529 4341 cultellum
1554 4271 1603 4351 ὠ»
1628 4276 1710 4346 duas
1733 4292 1885 4354 wantos,

1123 4383 1223 4432 tatum
1263 4365 1392 4450 infimul
1430 4372 1579 4445 manibus
1618 4375 1756 4462 nostris,
1797 4375 1889 4464 juda

1124 4468 1208 4557 Lege
1234 4466 1336 4549 nollra
1370 4472 1522 4557 Salisba,
1562 4483 1602 4546 de
1635 4497 1721 4548 terra
1754 4474 1888 4548 lwavi·

1123 4589 1191 4632 mus
1204 4590 1225 4649 ,·
1260 4567 1308 4644 (φ
1342 4570 1538 4664 ingelbertus
1563 4580 1718 4649 Notarius
1743 4576 1889 4651 tradidi·

1124 4687 1193 4733 mus
1218 4669 1264 4734 ad
1290 4666 1510 4761 scribendum,
1546 4673 1593 4753 ὄν*
1628 4679 1718 4765 telles
1752 4679 1788 4752 iu
1824 4704 1888 4777 qna

1123 4764 1181 4835 bas
1217 4761 1330 4880 [ubter
1367 4768 1553 4858 confirmans
1592 4782 1635 4849 ad
1676 4806 1732 4852 nos
1770 4783 1888 4879 rogitet

1124 4864 1296 4937 obtulimus
1321 4867 1367 4936 ad
1390 4874 1665 4954 corroborandum.
1691 4905 1694 4911 ’

1173 4963 1263 5040 Atta
1288 4964 1322 5038 in
1348 4969 1457 5059 Castro
1481 4980 1643 5056 Metlaria
1661 4980 1825 5150 felicitqrrn.

1801 5107 1834 5149 ς.
