4216 6014
292 317 376 404 5¹9
509 288 1544 414 ..rNtQUrnMEDHAEVr
1732 322 1820 414 529

229 393 264 472 se
291 432 364 482 non
391 411 709 488 contemnendam.
748 415 855 488 Nunc
881 413 999 497 addo,
1038 415 1082 492 Α
1158 413 1238 487 Tit.
1262 435 1296 487 2.
1321 413 1412 512 Cap.
1436 435 1493 510 13.
1519 410 1735 508 Septirgmris
1760 421 1877 486 Dera·

228 500 352 585 haberi
380 509 418 588 in
448 509 555 591 msto
582 513 719 593 Codice
753 514 1000 592 Bibliothecae

227 607 375 688 Estenfis
404 623 520 715 legem
545 619 703 692 salicam.
744 621 792 692 Et
827 617 997 714 quoniam

227 737 442 793 occurrunt⁴
467 720 520 795 ibi
564 719 738 793 variantes
779 718 971 795 Lebliones
985 769 998 803 ‚

226 834 291 890 aut
317 820 480 902 Glossae‚
508 845 554 892 ex
582 821 711 918 quibus
737 825 855 895 textui
883 821 997 896 adhuc

228 916 378 995 obscuro
412 923 475 994 lux
511 920 632 1020 aliqua
666 923 832 1024 affulgere
860 924 996 1024 potest,

229 1019 393 1118 quasdam
422 1019 593 1121 seligere,
634 1045 741 1124 atque
767 1028 807 1099 ira
833 1028 995 1100 omnium

229 1120 457 1218 commodum
487 1124 640 1221 prolerre
668 1154 760 1202 nunc
787 1129 920 1203 liceat.
948 1133 995 1200 E·

1106 514 1188 594 riis‚
1214 517 1272 610 qui
1284 513 1412 603 sariunt
1432 516 1560 587 solidor
1575 516 1676 594 decem
1695 517 1737 584 ts
1752 516 1875 605 septena

1072 673 1074 678 .
1106 643 1174 688 eum
1199 617 1354 689 dimidie.
1381 617 1423 692 Iu
1451 620 1558 690 Mtro
1585 613 1739 696 Ellensi:¹
1763 620 1872 687 DCC·

1106 725 1180 793 XX.
1197 718 1373 798 Denariis,
1392 702 1449 814 deri
1462 717 1590 804 sariunt
1607 716 1732 790 solidor
1749 719 1872 790 xrllt.

1106 824 1160 894 lta
1187 846 1330 919 quoque
1355 817 1393 892 in
1420 818 1556 895 duobus
1583 817 1774 920 Capitibus
1793 815 1876 893 sub-

1104 917 1352 1016 sequentibus.

1154 1021 1234 1096 Tit.
1269 1045 1303 1096 2.
1337 1024 1426 1121 Cap.
1458 1047 1517 1113 14.
1552 1021 1692 1119 Siquis
1722 1021 1878 1116 moialem

1099 1121 1282 1214 sacricium,
1317 1126 1374 1221 qui
1397 1124 1702 1213 diadumenum,
1733 1126 1877 1215 fureur·

227 1218 403 1299 ditionem
434 1227 573 1303 Baluzii
602 1255 683 1328 prae
717 1232 832 1305 oculis
860 1229 995 1305 habeo.
1105 1225 1175 1297 tlt·
1217 1226 1337 1299 Gloffa
1372 1225 1520 1300 Codicis
1547 1222 1692 1298 Estenfis
1720 1228 1878 1297 Votivum

278 1325 336 1407 lbi
363 1325 443 1402 Tit.
466 1352 499 1402 2.
522 1331 611 1426 Cap.
633 1332 749 1429 primo
776 1330 929 1432 legitura
958 1331 998 1403 si
1045 1327 1073 1397 B
1106 1325 1263 1425 explicat
1288 1331 1332 1399 ad
1357 1328 1573 1400 arridendum.
1611 1330 1737 1425 Neque
1771 1325 1874 1402 enim

226 1425 300 1526 quis
330 1430 500 1526 porcellum
543 1432 717 1505 satiantem
754 1433 921 1524 furaverit
957 1432 998 1504 dr

227 1528 378 1603 Cbranrre
413 1532 542 1625 prima,
583 1555 641 1606 aut
677 1537 718 1604 de
753 1536 902 1607 mediana
928 1535 998 1607 θα.

228 1627 271 1703 In
298 1632 448 1707 Eccardi
475 1631 635 1708 editione
656 1634 805 1711 habetur
821 1641 861 1707 de
879 1638 997 1709 Rhar-

229 1737 418 1823 reprime.
460 1736 701 1811 Tenebrosam
744 1737 835 1812 hanc
873 1764 994 1812 vocem

228 1830 483 1933 interpretatus
512 1821 739 1938 bignonius:
760 1837 799 1914 ἃ
823 1837 996 1915 Du·Can·

227 1930 331 2035 gius,
358 1942 485 2010 Horam
508 1961 667 2035 porrorum
700 1941 781 2016 heic
808 1940 996 2042 fignificari

227 2034 457 2116 censuerunt.
494 2044 668 2118 Eccardus
718 2049 803 2119 verb
854 2042 996 2142 propius

227 2137 308 2215 aim
346 2140 516 2216 vocabuli
556 2144 713 2245 attigit,
767 2144 920 2219 scribens
959 2148 999 2218 de

1106 1427 1290 1503 toleranda
1315 1428 1586 1528 interpretatio,
1624 1454 1715 1529 quae
1750 1456 1770 1503 a
1809 1428 1873 1504 Pi·

1106 1526 1214 1604 tboeo
1251 1528 1426 1631 profertur
1460 1531 1512 1605 ad
1542 1556 1667 1604 vocem
1692 1529 1872 1614 Samium,
1925 1629 1926 1632 Ἴ

1106 1630 1172 1706 hoc
1198 1631 1265 1707 est:
1293 1632 1351 1728 qui
1376 1634 1421 1704 (θ’
1444 1633 1585 1724 defensor
1604 1633 1740 1704 aliorum
1762 1653 1872 1729 pereo·

1104 1760 1192 1806 rum.
1228 1733 1365 1808 Sacriri
1406 1732 1464 1808 seu
1505 1733 1624 1807 votivi
1660 1731 1873 1810 incaluisse

1106 1833 1295 1916 ridentur,
1321 1833 1385 1928 qui
1413 1835 1455 1907 ad
1483 1832 1695 1907 sacrificium
1722 1830 1878 1906 dedine-

1105 1935 1136 2008 ti
1162 1935 1416 2029 erant.·Quod
1445 1934 1507 2007 ubi
1534 1931 1785 2014 admittamus,
1811 1958 1877 2007 ne·

1105 2036 1193 2112 cesse
1218 2035 1285 2118 est.
1312 2036 1425 2111 adhuc
1446 2034 1541 2110 inter
1564 2033 1699 2135 Salices
1718 2032 1872 2122 suerint,

1104 2139 1167 2237 qui
1194 2139 1430 2214 Ethnicorum
1459 2134 1696 2235 superstitioni
1738 2133 1875 2214 addidi

227 2247 373 2316 Rbmm
396 2244 502 2339 prima
538 2242 633 2320 idem
660 2247 729 2322 elle
756 2273 797 2320 ac
836 2249 875 2319 de
899 2245 1000 2341 primo
1035 2254 1069 2327 C
1105 2260 1223 2315 erant.
1251 2244 1333 2324 lloc
1360 2256 1455 2313 certe
1482 2237 1659 2313 affirmare
1684 2263 1790 2312 nemo
1809 2263 1884 2314 au··

228 2342 331 2419 ema.
358 2342 525 2423 Fortassis
546 2347 709 2422 omnium
730 2345 918 2422 reilllsrme
936 2374 998 2422 ex·

227 2443 343 2542 plicat
379 2447 499 2521 Glolsa
534 2444 687 2524 Codicis
722 2447 892 2524 Ellenfis:
936 2445 999 2524 ubi

228 2548 443 2621 danranrre
466 2548 573 2644 prima
599 2549 759 2631 dicitur,
800 2549 838 2623 id
873 2548 921 2624 est
959 2551 1000 2621 de

225 2645 332 2744 prima
353 2666 472 2742 partu.

281 2745 361 2833 Tit.
383 2770 417 2821 2.
444 2750 533 2847 Cap.
556 2772 591 2847 3.
618 2750 659 2823 Si
678 2750 750 2848 quir
773 2753 999 2844 porcellum'de

229 2849 318 2922 Sede
337 2847 523 2938 furaverit,
549 2852 607 2947 qui
628 2854 752 2925 elavem
769 2853 884 2926 babet.
912 2857 998 2927 Pot-

230 2973 355 3024 eorum
391 2948 563 3027 stabulum
603 2959 720 3026 tudem
746 2953 1000 3056 interpretatur

229 3049 429 3128 Pithoeus.
465 3054 650 3129 Stabulum
686 3055 744 3131 seu
781 3061 915 3133 Haram
943 3083 1000 3130 ce·

1103 2341 1184 2416 deat
1223 2340 1284 2416 sub
1334 2338 1472 2418 Carolo
1521 2343 1659 2441 Magno
1705 2337 1895 2440 Principe·
1937 2384 1939 2386 ·

1103 2440 1425 2520 Christianiffimo.
1460 2443 1595 2518 Verum
1637 2439 1774 2519 Salicae
1799 2443 1872 2520 Le·

1103 2547 1157 2646 gis
1179 2544 1326 2628 Pauus,
1347 2563 1387 2619 ut
1407 2544 1572 2642 aiebant,
1592 2543 1760 2618 conditus
1779 2541 1882 2626 suin

1102 2649 1187 2720 dum
1216 2653 1430 2721 Francorum
1458 2670 1544 2745 gens
1571 2643 1687 2718 adbuc
1717 2665 1873 2718 tererem

1103 2748 1270 2831 barbarie,
1307 2746 1375 2822 hoc
1412 2745 1458 2819 eil
1484 2744 1689 2823 Gentilium
1717 2746 1874 2824 ritibus.

1152 2849 1231 2925 Tit.
1263 2873 1297 2947 3.
1321 2845 1414 2937 Cap.
1437 2869 1471 2942 ς.
1499 2851 1539 2919 Si
1563 2850 1791 2945 quieverunt
1815 2861 1874 2924 dr·

1102 2950 1215 3023 miram
1242 2954 1311 3025 (tc.
1338 2948 1483 3026 Ellenfis
1509 2947 1639 3030 Codex
1674 2951 1783 3028 habet
1814 2954 1874 3026 Aa·

1103 3055 1257 3142 mellicam
1271 3105 1282 3124 .

229 3152 325 3230 teri.
376 3154 506 3237 Resle.
547 3159 640 3233 Nam
692 3159 812 3233 Glolla
852 3157 999 3233 Codicis
1036 3146 1072 3217 D
1153 3154 1233 3230 Tit.
1260 3179 1293 3254 3.
1317 3158 1407 3252 Cap.
1431 3178 1468 3252 7.
1495 3154 1772 3252 S'pristaerrmm
1790 3176 1872 3254 gre-

229 3255 376 3334 Estenfis
401 3265 521 3333 tudem
546 3259 612 3335 esse
638 3259 729 3334 dicit
762 3269 870 3335 Aram
894 3282 1001 3352 porca·

230 3384 327 3433 rum.
356 3358 412 3433 lbi
440 3367 525 3435 verb
550 3387 623 3434 non
651 3363 708 3457 qui
732 3364 854 3433 elavem
883 3360 1000 3453 babet,

232 3474 296 3530 aut
320 3457 491 3549 babuerit,
518 3458 673 3558 legitur,
699 3459 755 3533 sed
774 3467 814 3533 de
836 3464 923 3533 Sede
943 3463 1001 3551 Ju-

231 3576 323 3630 mer
343 3558 467 3646 faerit,
501 3584 581 3652 quaa
619 3560 743 3629 elavem
777 3563 892 3650 haber,
932 3559 1000 3635 hoc

1101 3285 1174 3353 gem
1199 3277 1354 3354 regentem
1374 3256 1561 3346 suracrrrit,
1597 3258 1654 3354 qur·
1690 3259 1731 3330 de
1751 3255 1871 3331 tribea

1106 3360 1204 3431 Villis
1228 3384 1400 3430 communes
1425 3385 1539 3432 verear
1564 3359 1723 3453 terruerit,
1748 3361 1802 3434 bre
1829 3356 1873 3450 eli

1104 3461 1278 3556 trespillim
1312 3459 1387 3542 &n
1422 3459 1531 3560 Apud
1561 3461 1758 3537 Eccardum
1785 3462 1873 3539 bate

1104 3559 1156 3635 ita
1190 3561 1382 3661 leguntur:
1427 3563 1469 3635 Si
1508 3562 1580 3660 qais
1617 3582 1770 3653 tearum,
1811 3564 1871 3660 qai

232 3655 279 3732 est
308 3656 431 3745 seram.
470 3654 566 3732 Insr'a
594 3654 762 3732 habemus
787 3681 1000 3754 acceptorem,
1099 3689 1225 3760 gregem
1251 3663 1357 3761 regit,
1384 3660 1432 3742 (θ’
1451 3691 1612 3760 nunquam
1631 3661 1867 3755 vindicassem,

231 3755 319 3835 idest
357 3755 535 3855 accipitrem
569 3760 658 3835 intra
682 3761 805 3836 elavem
836 3760 1000 3861 polirem.-
1099 3764 1282 3857 furaverit.
1330 3760 1459 3841 Codex
1504 3763 1679 3841 Ellensise
1717 3765 1760 3839 Si
1794 3765 1869 3862 quir

233 3858 329 3960 quod
355 3857 451 3936 idern
478 3859 672 3964 significat.

1103 3886 1231 3939 taurum
1251 3893 1380 3964 gregem
1404 3885 1555 3963 regentem
1584 3865 1717 3956 serratus
1737 3866 1841 3958 suerit
1853 3917 1867 3951 ,

283 3961 365 4039 Tit.
402 3987 436 4036 a.
468 3966 557 4061 Cap.
590 3991 646 4043 10.
674 3968 715 4041 Si
739 3954 813 4066 quis
838 3964 999 4066 tertullum
1102 3968 1159 4065 qui
1182 3972 1223 4041 de
1247 3968 1352 4040 tribus
1380 3967 1473 4040 Villis
1490 3991 1661 4041 mmmmm
1679 3997 1794 4044 uaccas
1818 3989 1870 4042 te·

163 4086 181 4120 ⁵
228 4064 398 4167 Pm‘llm
428 4062 615 4163 furaverit.
651 4071 883 4149 Wendelinus
918 4079 999 4145 Ter-
1035 4051 1066 4123 f-

226 4165 347 4266 ‚ruffum
373 4166 627 4266 interpretatur
650 4170 742 4240 tertii
771 4176 900 4267 gregis.
938 4171 1000 4249 ri-

232 4271 389 4365 thoeua,
423 4270 590 4371 quidemi
624 4269 785 4344 innitur.
824 4274 999 4348 Eccardus

231 4368 429 4476 suspicatur
453 4370 641 4476 fignificari
671 4371 760 4464 suem
785 4374 878 4445 terrio
912 4371 1001 4464 jael·

231 4475 374 4551 adirem.
415 4479 550 4576 Accipe
590 4501 710 4558 nunc,
763 4473 851 4576 quid
892 4473 1000 4551 habet

232 4573 358 4650 Codex
384 4576 550 4653 Essensrs.
592 4577 726 4656 Nescio
758 4602 843 4653 num
875 4575 929 4650 ibi
956 4575 998 4652 fit

138 4679 141 4687 ’
226 4671 410 4767 ,Τσηκβὶση
435 4697 496 4763 aut
522 4681 721 4768 Tertullum.
747 4678 889 4755 Glolla:
920 4677 999 4763 idesl

225 4771 439 4854 ,castratum
466 4776 628 4876 Linguae
653 4782 886 4856 Germanicae
905 4779 999 4877 peri·

231 4881 267 4968 *ti
293 4874 461 4971 uiderat,
501 4880 593 4952 unde
627 4876 800 4976 ejusmodi
825 4881 999 4983 interpre-

234 4985 330 5073 tatio
354 4978 557 5061 emerserit.

1104 4071 1229 4152 nuerit,
1255 4096 1482 4168 utrumquem
1507 4065 1638 4156 lansius
1660 4069 1791 4167 [niffen
1816 4072 1872 4148 ber

1103 4172 1146 4261 ell
1186 4172 1376 4264 trepellius.
1410 4171 1559 4253 Gloslu,
1596 4171 1675 4258 idell
1713 4175 1770 4270 qui
1794 4173 1885 4247 bene.

1102 4295 1227 4370 erepat.
1267 4272 1375 4370 Apud
1415 4276 1613 4348 Germanos
1662 4281 1784 4374 Treppa
1821 4275 1871 4353 est

1103 4374 1199 4475 quod
1240 4373 1341 4448 Italis
1380 4375 1520 4458 Solita,
1562 4380 1746 4451 Mmtatae.
1786 4381 1869 4454 Hoc

1103 4495 1206 4551 tauro
1232 4475 1433 4552 admissario
1450 4476 1545 4552 redde
1563 4477 1776 4570 conveniat,
1803 4478 1878 4571 qoi-

1103 4603 1148 4652 ex
1183 4576 1251 4652 hoc
1290 4579 1470 4668 Ympelliur
1505 4581 1701 4679 appellatus
1736 4579 1871 4668 suerit,

1104 4704 1176 4752 non
1203 4684 1287 4753 verb
1313 4679 1408 4774 quod
1443 4681 1542 4753 trium
1580 4682 1878 4763 tintinnabulorum

1104 4801 1216 4852 taurus
1241 4778 1357 4862 soret.

1155 4881 1234 4959 Tit.
1261 4885 1322 4955 xl.
1348 4887 1437 4985 Cap.
1472 4885 1507 4961 6.
1534 4887 1574 4957 si
1594 4886 1672 4984 pris
1699 4888 1789 4960 bomo
1814 4892 1872 4962 Irr-

1100 5008 1223 5084 gemrrrs
1247 4985 1385 5060 alienum
1419 4988 1559 5062 servam
1583 4989 1620 5063 ira
1652 4997 1783 5088 Tezaga
1804 4991 1872 5060 dre-

1766 5116 1821 5164 are·
