4216 6014
315 335 397 424 57¹
581 298 1027 425 Auctoris.
1078 296 1337 391 maort
1382 295 1577 392 nter
1621 423 1626 429 ι
1747 309 1841 424 em

250 421 334 495 siuns
368 420 511 498 militnm
536 422 670 521 agmina
693 421 829 512 vellism
866 422 1018 516 pretiose-
1059 422 1092 494 Δ
1139 420 1215 520 puli
1234 416 1278 495 ἃ
1296 418 1408 496 Siculi
1430 423 1544 523 Regni
1569 419 1664 512 sata,
1686 446 1775 523 quae
1795 424 1903 500 uem:

250 549 348 610 tuns,
374 528 631 625 diversarumque
654 528 785 599 dmm
808 525 939 620 desuper
962 550 1018 596 ar·
1140 549 1181 617 pe
1227 526 1353 596 &culo
1391 525 1547 615 eodem,
1594 523 1663 596 boc
1700 526 1748 598 est
1784 533 1900 604 Auno

254 654 310 701 ma
335 631 450 703 vatins
476 631 606 703 bantra
628 624 871 721 distinguebat.
906 625 1017 721 (Hae
1137 627 1386 700 MCCLXVI.
1413 626 1552 699 sublato
1572 631 1667 726 Rege
1685 625 1899 721 Mantala,

252 732 449 825 chlamyden
482 728 665 827 antiquis,
701 726 804 799 nobis
830 745 931 800 eram
955 732 1016 797 se
1136 731 1306 799 Catulum
1349 728 1640 826 Andegavenlem
1689 730 1899 805 Provinciae

253 833 451 931 pravella.)
490 833 643 926 Quodque
677 853 827 921 magnum
860 826 932 910 eli,
967 823 1016 905 (ν
1136 830 1318 902 Comitem
1346 827 1384 900 in
1413 827 1511 901 suum
1550 833 1681 929 Regem
1708 857 1898 924 accepere·

254 939 371 1007 audire
399 934 569 1012 mirabile,
605 930 771 1000 mulierum
805 931 928 1001 chareae
961 928 1012 996 lu-
1134 927 1304 1000 Tuccio
1333 928 1474 1002 ltaliam
1506 931 1692 1004 turmatim
1721 930 1897 1008 confluere

253 1038 398 1108 tlensium
432 1034 520 1104 intre
555 1030 669 1106 Urbem
708 1034 743 1103 in
777 1029 933 1126 cymbalis
965 1025 1014 1106 ἰν
1132 1027 1273 1102 vidisses
1291 1031 1515 1103 Gallicorum
1535 1030 1673 1105 millia.
1693 1036 1897 1134 Augesceo·

251 1133 439 1232 tympanis,
473 1134 569 1205 lituis
594 1131 642 1214 (γ’
668 1134 792 1213 vialis,
818 1134 863 1203 ὁ*
888 1134 922 1202 in
948 1158 1011 1200 em·
1131 1148 1167 1202 te
1192 1152 1308 1205 autem
1338 1131 1376 1204 in
1402 1134 1479 1205 dies
1497 1135 1620 1205 Caroli
1648 1135 1800 1232 ejusdem
1830 1163 1896 1236 po-

253 1236 292 1307 ni
317 1235 497 1321 mnficorum
518 1262 629 1333 genere
653 1235 842 1308 seneinunr.
870 1236 1015 1305 Valente·
1131 1233 1271 1324 tentia,
1306 1231 1335 1305 ii
1372 1258 1442 1305 non
1479 1231 1592 1305 solium
1628 1233 1666 1305 in
1695 1237 1895 1335 Apulia&

248 1336 329 1433 sque
362 1338 493 1430 suarum
528 1337 733 1434 pretiosamm
772 1363 875 1408 rerum
913 1339 1016 1406 abun·
1061 1331 1089 1400 B
1132 1333 1283 1422 Sicilia,
1310 1332 1498 1426 sedetiam
1527 1334 1565 1408 in
1592 1331 1751 1417 Tuscia,
1786 1339 1896 1412 acin

251 1437 426 1520 danrim,
461 1465 556 1536 quam
579 1439 759 1536 plerumque
792 1438 933 1531 (equiem
957 1461 1014 1504 vo
1134 1435 1259 1508 multis
1285 1433 1410 1508 ltaliae
1438 1430 1636 1535 subalpinae
1658 1437 1749 1510 locis
1777 1437 1896 1514 sedem

251 1539 385 1632 lamas,
419 1539 593 1626 ostendme,
627 1545 668 1611 de
702 1545 791 1610 dome
827 1537 861 1607 in
893 1537 1017 1607 domum
1132 1532 1228 1610 suam
1251 1535 1378 1610 fixere.
1398 1541 1569 1609 Eraoteo
1589 1557 1768 1632 tempore,
1794 1540 1895 1616 sunt·

252 1639 289 1713 in
328 1639 500 1739 eppastrum
537 1638 767 1731 consiliemus,
802 1636 939 1734 ialiaris
974 1640 1020 1710 aa
1131 1663 1201 1737 que
1237 1637 1381 1723 adbuc,
1423 1639 1584 1712 Gallicae
1620 1641 1737 1741 gentis
1775 1667 1895 1718 mores

254 1745 379 1815 modum
414 1766 531 1830 meus,
565 1762 624 1814 aur
653 1741 789 1840 paneis,
823 1740 943 1813 cloelis
969 1737 1015 1817 (a
1132 1742 1237 1836 longe
1262 1741 1443 1813 molliores
1466 1743 1571 1837 quim
1600 1740 1758 1824 Italicis,
1783 1740 1823 1817 ἃ
1849 1742 1897 1816 ad

247 1842 405 1937 funibus,
430 1843 507 1916 uias
531 1844 650 1917 medias
674 1845 831 1941 desuper,
857 1869 918 1913 nen
943 1842 1017 1913 lau-
1135 1865 1300 1940 pompam
1318 1866 1358 1915 ac
1373 1844 1595 1936 voluptatem
1618 1843 1775 1938 apprime
1795 1869 1897 1915 cotn-

253 1971 310 2036 ro,
337 1972 399 2018 non
425 1945 523 2018 ramis
547 1943 704 2030 arboreis,
727 1945 787 2037 sed
812 1943 895 2017 caris
918 1944 1016 2028 velli-
1136 1940 1259 2041 positi.
1295 1944 1366 2015 Eos
1398 1951 1556 2026 omarus,
1584 1945 1641 2013 vet
1670 1941 1731 2014 suo
1757 1961 1898 2043 tempo-

253 2048 313 2122 ms
340 2049 384 2120 θ
407 2048 544 2146 pellibus
576 2048 684 2121 uariis
710 2044 825 2144 (idest
861 2041 1017 2144 pretiosis
1133 2068 1172 2116 re
1197 2043 1393 2142 appellavit
1418 2046 1544 2118 Strabo
1571 2043 1653 2118 Lib.
1672 2071 1710 2138 4.
1731 2047 1896 2122 Ammia-

252 2144 359 2237 illis,
387 2150 478 2225 uode
505 2175 633 2224 nomen
662 2149 772 2246 Veis)
798 2149 1017 2234 velaverunt,
1134 2171 1198 2217 nus
1223 2171 1362 2241 auoque
1383 2148 1617 2221 Marcellinus
1638 2150 1762 2219 Seculo
1787 2145 1895 2222 chri·

247 2249 407 2348 sulpensts
431 2255 477 2325 ad
502 2254 631 2325 chordas
659 2249 856 2348 Jlropbaeis‚
884 2247 1018 2344 flebis,
1058 2236 1091 2307 C
1132 2246 1173 2321 lli
1202 2250 1265 2320 IV.
1289 2249 1332 2320 de
1357 2247 1474 2321 Gallis
1502 2248 1693 2325 scribebat:
1724 2249 1814 2334 rerſs
1833 2273 1895 2349 pe·

253 2351 1016 2450 dextrocheriis,priscelilibus,arbitris,gram·
1132 2349 1162 2418 ri
1185 2348 1359 2443 diligenrrb
1384 2350 1489 2421 cunsli
1513 2348 1561 2428 (γ’
1588 2351 1702 2421 mundi
1714 2377 1738 2438 ,·
1773 2379 1827 2424 ner
1859 2352 1894 2425 in

253 2459 379 2537 masis,
406 2455 606 2554 (quaedam
645 2453 722 2528 beic
758 2453 903 2527 nomine
940 2478 1018 2525 cor·
1133 2448 1290 2523 trallibus
1316 2453 1406 2533 illis,
1442 2452 1635 2548 maximeque
1669 2455 1759 2543 apud
1783 2453 1892 2553 ,Aqui-

255 2575 359 2653 tupta
387 2557 503 2654 puto)
538 2558 702 2634 armillis,
732 2553 857 2643 sribia,
894 2556 938 2621 C?
962 2554 1014 2624 ae·-
1132 2573 1249 2639 tanos,
1274 2556 1389 2645 pererit
1414 2554 1531 2649 aliquis
1557 2557 1666 2624 videri
1678 2608 1690 2643 ,
1725 2558 1782 2626 vel
1801 2555 1894 2647 semi·

255 2659 414 2741 versorum
439 2682 475 2729 ac
498 2656 698 2749 messalarum
732 2662 920 2724 annulorum
955 2677 1014 2747 ap·
1132 2680 1196 2741 na,
1232 2653 1305 2722 liele
1342 2677 1491 2750 perquam
1528 2676 1677 2750 pauper,
1716 2677 1755 2727 nt
1787 2659 1892 2744 alibi,

1125 2752 1237 2842 frustis
1260 2755 1417 2849 squallere
1441 2779 1640 2845 pannorum.
1668 2757 1893 2835 Mirabantur

1131 2853 1248 3027 ptimo
1276 2855 1360 2929 bani
1390 2859 1508 2932 italici
1546 2880 1619 2932 tam
1656 2882 1796 2938 comtos
1828 2862 1893 2938 lto-

252 2753 423 2849 penfione,
451 2755 667 2826 diadematum
691 2756 810 2842 etiam,
847 2752 895 2832 &¹
923 2750 1013 2846 fibu-

254 2856 381 2939 larum,
412 2857 468 2947 Jeu
494 2857 686 2944 manilium,
722 2857 895 2953 inquibus
925 2883 1014 2951 gem·

253 2983 325 3031 mae
344 2959 593 3056 fulgentiffimae
618 2959 814 3040 relucebant,
842 2957 940 3032 burlis
966 2957 1016 3046 le·
1149 2959 1262 3056 pites3
1289 2975 1366 3032 tum
1395 2956 1500 3032 facilc
1514 3010 1525 3042 ,
1553 2980 1593 3034 ut
1622 2961 1730 3037 moris
1755 2964 1825 3054 esi,
1848 2962 1893 3040 ad

246 3058 348 3142 ritis,
375 3062 485 3133 culmis
509 3059 603 3132 tellis
620 3064 657 3131 de
681 3059 858 3154 plancam,
881 3059 1016 3150 lambe,
1131 3058 1344 3133 imitandum
1359 3057 1391 3132 se
1403 3064 1584 3137 contulere
1600 3061 1785 3162 speciosam
1803 3066 1893 3144 hanc

254 3158 365 3258 bysso,
401 3160 449 3244 όν
483 3166 648 3260 purpurl,
674 3163 829 3251 caninis,
857 3161 1015 3248 rovaliis,
1059 3164 1091 3235 D
1130 3155 1277 3233 vivendi
1315 3159 1485 3237 sormam:
1525 3164 1644 3239 dulcia
1677 3166 1770 3241 euim
1800 3169 1889 3245 vitia

253 3264 298 3335 Θ·
316 3264 559 3338 linteaminibus
577 3268 727 3337 metensis
749 3290 846 3346 auro,
868 3262 1017 3358 firicopue
1130 3260 1311 3336 hortatore
1332 3290 1402 3336 oon
1423 3264 1611 3358 indigent,
1638 3290 1676 3342 ut
1702 3267 1887 3345 bominum

250 3387 308 3460 per
325 3388 446 3446 ratum,
471 3364 761 3455 januacensem
784 3367 1014 3459 palliisdeau·
1130 3361 1280 3462 gratiam
1309 3363 1455 3439 ineant.
1491 3373 1539 3442 Et
1574 3369 1654 3442 sane
1681 3397 1788 3466 quum
1819 3371 1892 3470 pri·

244 3464 354 3545 raris,
380 3492 460 3561 quae
483 3461 593 3534 lellus
620 3466 723 3559 opifex
748 3467 828 3534 cisra
854 3462 902 3541 (a
928 3469 1015 3537 ulere
1131 3467 1228 3537 mum
1257 3466 1447 3563 Neapolim
1486 3469 1631 3569 ingressa
1666 3470 1713 3544 esl
1748 3475 1892 3551 Beatrix

251 3587 337 3634 mare
370 3571 411 3635 le
444 3565 575 3632 aiacem
609 3562 656 3639 t&
691 3566 818 3652 operasl
852 3565 1012 3652 manerii,
1133 3566 1294 3664 Regina,
1330 3569 1453 3643 Caroli
1496 3570 1597 3665 ipfius
1635 3575 1740 3667 Regis
1777 3603 1889 3661 uxor,

250 3664 384 3757 eaebque
403 3659 578 3746 struxeras.
609 3661 692 3732 Non
721 3660 804 3733 baec
825 3687 903 3735 reor
928 3690 1011 3763 patt-
1128 3667 1336 3743 Matthaeus
1379 3672 1587 3757 Spinellus,
1630 3671 1767 3748 Aubiot
1807 3675 1889 3766 syn-

251 3763 304 3838 cis
345 3779 428 3837 ante
469 3759 686 3860 temporibus
726 3783 933 3838 ornamenta
973 3766 1010 3840 in
1130 3768 1281 3843 chronos
1322 3771 1358 3844 in
1402 3774 1619 3873 premerid.
1660 3774 1890 3856 Neapolitao.

243 3861 389 3940 Urbem
418 3859 643 3940 confluxisse.
671 3863 771 3941 [bia
800 3866 923 3942 multis
952 3874 1036 3944 Se··
1131 3873 1251 3944 Tomo
1279 3877 1361 3945 Vll.
1392 3879 1466 3948 Rer.
1491 3873 1645 3951 Italicas.
1674 3877 1715 3948 ad
1737 3880 1890 3954 Annum

250 3969 342 4043 culis
366 3968 549 4068 opulentis
575 3993 645 4043 non
672 3970 859 4045 mediocris
886 3972 1009 4072 perdu-
1129 3974 1379 4050 MCCLXVI.
1417 3973 1454 4049 in
1495 3973 1638 4052 extasim
1685 4005 1792 4078 paene
1836 4011 1893 4058 ra-

251 4071 377 4160 rabat,
413 4095 501 4166 quae
538 4074 642 4145 luxus
678 4073 862 4171 magislra.
890 4079 942 4150 At
972 4078 1009 4150 io
1057 4075 1083 4146 Ε
1131 4096 1229 4173 ptum
1267 4075 1300 4151 se
1336 4076 1491 4167 latetur,
1516 4079 1598 4152 dum
1628 4079 1826 4156 intueretur
1851 4084 1892 4160 in

249 4172 332 4249 aliis
361 4173 485 4248 ltaliae
515 4173 669 4247 Urbibus
706 4173 893 4267 plurimis,
929 4178 1009 4275 qui·
1129 4179 1203 4278 ejus
1230 4178 1404 4254 comitiva
1433 4180 1563 4253 militer
1588 4189 1752 4266 Francos,
1786 4213 1891 4260 omnes

250 4276 313 4353 bus
349 4277 455 4378 longe
489 4272 669 4352 dissimilis
703 4291 778 4346 etat
813 4300 920 4370 opum
949 4306 1008 4351 co·

248 4378 332 4496 pia,
372 4379 489 4455 minor
532 4403 661 4478 pompa
700 4373 895 4475 excogitari
937 4404 1007 4451 oon

248 4478 379 4646 tsojuril
403 4481 530 4577 potest.
559 4476 706 4598 Interim
733 4505 752 4552 a
779 4503 862 4551 vero
885 4473 1009 4608 sortas-

247 4579 801 4761 eiitiiiiilussmtiaisisslib
816 4581 1007 4762 Pissis

240 4793 388 4880 ¹gentem
416 4779 461 4852 ab
486 4781 659 4877 antiqua,
696 4781 719 4852 ss
748 4784 799 4858 ita
828 4784 930 4882 loqui
956 4784 1006 4860 sas

245 4878 319 4963 et,
355 4875 669 4964 rusticitate„aut
695 4879 930 4979 ,fimplicitate
963 4890 1005 4962 ud

246 4982 485 5092 cluentium,
508 4979 624 5065 iano
640 4981 686 5069 ,bs
710 4979 754 5067 al
777 4983 1005 5076 insumim-

1126 4282 1286 4374 plumatas
1308 4284 1437 4370 pulchre
1462 4285 1506 4354 G*
1529 4288 1636 4357 decore
1662 4289 1814 4370 imatos,
1840 4286 1890 4369 &¹

1128 4387 1269 4452 Proceret
1294 4387 1456 4478 torquibus
1475 4387 1658 4483 'grandibus
1683 4389 1788 4474 aureis
1816 4392 1891 4481 spe-

1128 4480 1259 4552 liabs'les
1271 4532 1284 4564 ,
1319 4488 1364 4557 (9⁶
1396 4510 1578 4577 carpentum
1605 4493 1753 4586 Reginae
1777 4491 1891 4582 belese-

1129 4582 1189 4653 rico
1214 4584 1328 4678 villoso
1349 4590 1488 4674 tassellis
1510 4591 1619 4663 celeris
1636 4592 1815 4676 obsessum,
1842 4616 1892 4666 re·

1126 4706 1195 4754 tum
1220 4686 1303 4758 liliis
1327 4696 1430 4761 aureis
1465 4694 1731 4786 circumspersum.
1771 4699 1891 4771 Antea

1128 4784 1283 4884 proselib
1319 4815 1485 4889 perquam
1512 4821 1605 4868 raras
1640 4794 1739 4870 fuisse
1767 4796 1890 4874 rhedas

1126 4906 1239 4988 puto,
1274 4887 1312 4964 in
1348 4894 1477 4992 quibus
1513 4896 1725 4974 veherentur
1760 4900 1891 4975 mulie-

1117 5015 1205 5094 ,resg
1230 4994 1400 5084 rumores,
1426 4995 1557 5101 quibus
1579 4998 1672 5078 viti.
1697 5006 1739 5081 lo
1766 5005 1891 5119 equis,

1740 5103 1825 5179 du.
