4216 6014
298 368 380 447 ²99
456 368 458 372 ’

591 324 1001 455 Anrr'ovrn
1046 332 1283 429 urnrr
1323 336 1505 429 Anur
1716 343 1806 456 300·

235 472 296 526 aut
323 454 420 554 palei
445 453 603 554 opertis,
639 453 808 529 irrifionis
835 453 993 529 caussda
1034 462 1252 543 A,Saeculo
1278 458 1478 560 praesertim
1509 460 1569 533 XI.
1598 455 1637 533 ἃ
1663 461 1742 534 xlt.
1769 459 1869 533 inte·

1104 561 1175 734 gris
1201 561 1309 636 serme
1335 558 1560 636 Civitatibus
1586 558 1763 635 excidium
1798 558 1865 634 ad-

233 555 480 630 Ticincnfibus
507 555 667 631 inimicis
691 553 902 650 ,Aleffaudria
924 557 995 627 del·

232 656 269 730 la
295 661 415 754 Paglia
450 655 642 744 nuncupari
678 673 800 752 coepta
835 653 901 747 eb',
938 656 993 731 uti

233 755 393 835 scribunt
417 761 631 834 Romualdus
650 754 910 839 salernitanus,
937 759 992 831 Si·

233 860 355 934 cardus
390 856 652 936 Cremonensis,
688 858 915 932 Gualvaneus
949 860 992 933 de

231 961 266 1034 la
294 966 473 1040 Flamma,
501 958 634 1057 aliique
661 957 851 1032 Histotici.
886 964 991 1032 Eam-

229 1063 308 1136 dem
336 1063 382 1134 ob
418 1060 578 1132 caullam'
602 1060 715 1155 leza
748 1060 837 1132 della
871 1063 992 1157 Paglr'ae

227 1163 267 1236 in
306 1165 447 1235 Ducatu
487 1158 752 1255 Montisserrati
792 1187 989 1262 cognomen

227 1261 385 1356 accepit.
402 1264 596 1336 ·l'raeterea
616 1256 790 1335 familiare
815 1259 885 1335 suit
911 1264 989 1334 bar·

1119 662 1280 737 erebant.
1307 666 1403 763 Lege
1429 661 1603 736 Historias
1629 670 1656 736 ai'
1675 686 1732 735 me
1750 659 1861 734 editas

1104 761 1142 835 in
1187 763 1412 837 Colleslione
1455 768 1585 837 Rerum
1631 762 1865 836 Italicarum.

1102 869 1298 939 Occurrent
1342 863 1614 944 Mediolanum,
1655 861 1864 951 Placentia,

1104 967 1301 1059 Bononia,
1340 964 1490 1059 Brixia„
1539 962 1711 1045 Mutina,
1731 1047 1736 1055 0
1756 979 1865 1061 atque

1102 1066 1192 1139 aliae
1220 1069 1441 1166 complures,
1480 1090 1569 1164 quae
1603 1066 1738 1139 oborto
1758 1064 1864 1138 unius

1102 1166 1227 1241 domus
1253 1167 1444 1259 incendio,
1469 1164 1509 1243 δι
1536 1165 1581 1239 in.
1594 1165 1747 1265 reliquas
1767 1163 1864 1257 sum·

1103 1291 1164 1337 tno
1189 1270 1350 1364 impetu,
1390 1267 1559 1366 facilique
1585 1267 1731 1367 negotio
1758 1290 1864 1366 pene·

227 1363 355 1438 baricis
396 1363 442 1436 iis
478 1362 660 1451 Saeculis,
699 1363 884 1443 scindulis,
906 1361 988 1434 -hoc
1035 1368 1064 1439 B
1101 1384 1220 1443 trante
1245 1365 1407 1461 flammi,
1433 1369 1471 1444 in
1499 1368 1632 1443 cineres
1654 1365 1789 1442 abiere.
1821 1369 1866 1440 In

226 1464 275 1540 esi
301 1463 455 1555 tabulis,
481 1465 551 1538 five
578 1461 768 1544 asseribus,
795 1480 857 1537 aut
884 1461 988 1536 lami-

223 1568 281 1640 nis
320 1563 483 1666 ligneis,
519 1568 622 1639 clavo
662 1562 773 1637 serreo
809 1562 988 1654 confixis,

1101 1466 1285 1544 Chronico
1323 1469 1515 1565 Patauino,
1552 1469 1646 1566 quod
1686 1468 1866 1569 evulgabo

1100 1566 1139 1640 in
1166 1568 1235 1642 hoc
1259 1574 1395 1667 Opere,
1420 1576 1523 1643 Auno
1548 1569 1868 1640 Memmia-ln-

224 1667 423 1767 tegularum
445 1667 523 1741 uice
543 1666 666 1740 domos
686 1664 887 1764 cooperire.
912 1670 988 1771 Ro·
1099 1669 1240 1740 rendium
1265 1689 1374 1767 orrum,
1386 1669 1455 1758 fuir
1482 1670 1515 1737 iu
1542 1670 1679 1773 Pudnu,
1702 1688 1760 1759 per
1777 1671 1868 1773 guod

224 1767 336 1843 thanis
363 1769 678 1869 Langobardorum
715 1772 791 1840 Rex
827 1764 864 1839 in
890 1769 990 1865 Lege
1044 1764 1054 1787 ⁴
1095 1768 1227 1859 fuerunt
1264 1767 1434 1857 mrbullae
1470 1769 1580 1864 2614.
1606 1771 1741 1857 domur,
1782 1778 1868 1862 'quae

171 1882 175 1891 '
228 1875 312 1968 287.
338 1871 379 1943 Si
412 1871 485 1970 quir
510 1869 622 1968 (ait)
648 1878 689 1941 ue
713 1869 784 1959 cusu
808 1866 913 1940 erelle
945 1869 990 1938 li-

223 1998 325 2071 gnum
363 1969 526 2069 quodlibet
564 1988 622 2051 eut
661 1969 856 2041 ,scandulum
891 1967 991 2064 (sive

226 2073 473 2173 Scindulam)
501 2071 630 2162 furatur
661 2070 792 2161 sunit,
832 2066 992 2166 componet

1102 1889 1176 1940 rure
1190 1912 1195 1921 ·
1209 1858 1307 1941 eraut
1332 1870 1484 1964 ligneae,
1516 1869 1673 1963 fragiles,
1712 1865 1761 1945 θ’
1801 1893 1871 1937 uera

1102 1967 1867 2170 rtl'ns‘ltfli'n?satisne:

226 2176 353 2249 Solidet
372 2175 447 2267 serr.
474 2170 685 2249 Germanica
710 2171 853 2274 Lingua
878 2170 992 2244 adbuc
1102 2169 1150 2245 tie
1176 2167 1451 2244 fontanellensis
1478 2172 1587 2248 Torn.
1621 2173 1667 2244 V.
1700 2160 1864 2244 ¹Sansior.

229 2303 320 2352 voce
345 2277 495 2351 Sebindel
520 2301 564 2349 eo
591 2273 687 2349 sensu
715 2273 847 2348 utitur.
885 2270 994 2346 Hisce
1019 2267 1065 2345 'C
1103 2269 1593 2359 BnllandsMenlieuJulii,
1630 2269 1716 2344 haee
1739 2272 1862 2371 legun·

229 2378 430 2461 Scindulis,
469 2376 589 2452 Plinio
623 2373 733 2467 telle,
768 2380 883 2449 Roma
910 2373 993 2446 ado·

230 2480 363 2555 lescens
404 2505 480 2577 per·
500 2476 639 2576 aliquot
674 2479 797 2550 Secula
832 2473 994 2549 comedia

232 2581 331 2657 suit.
359 2583 577 2656 Diuturnum
605 2574 849 2652 autemsuille
875 2572 992 2649 e'arum

232 2682 332 2758 usum
369 2681 479 2757 discas
513 2699 533 2756 e
566 2677 703 2755 Charta
739 2673 993 2751 Mediolanensi

231 2784 334 2860 Anni
370 2778 519 2859 MCCl.
555 2772 659 2881 guam
698 2778 908 2852 Puricellius
934 2776 995 2849 ad-

233 2885 301 2961 sert
331 2912 408 3060 pag.
450 2874 820 2980 i17o.-Monumenr'.
857 2876 994 2952 Basilic.

232 2989 510 3064 Ambroranae,
547 2983 683 3083 Agitur
700 2982 796 3057 'illic
824 2981 866 3055 de
895 2982 995 3053 Lubie

232 3090 411 3190 quadam,
441 3111 546 3189 quarn
573 3084 699 3183 Loggia
723 3110 787 3158 nos
814 3106 995 3182 nuncupa·

1103 2390 1180 2447 tut:
1223 2374 1381 2443 Petrinum
1415 2377 1455 2444 de
1489 2396 1572 2443 navo
1602 2371 1701 2463 fecit,
1726 2372 1769 2442 θ
1792 2398 1860 2443 earn

1103 2474 1276 2561 cooperiens
1316 2473 1487 2544 scindulas
1522 2472 1592 2564 ejus
1623 2472 1734 2563 [erreis
1759 2473 1871 2547 eluvie

1103 2572 1230 2666 affixit.
1254 2570 1366 2666 casm
1389 2592 1512 2648 autem
1540 2574 1740 2666 palliarieirs
1765 2573 1865 2663 saene'

1104 2672 1419 2773 memorataswidi
1463 2673 1500 2749 in
1528 2673 1674 2750 Chartia
1708 2674 1866 2750 Archivi

1104 2776 1368 2850 Canonicorum
1414 2772 1702 2851 Mutinenfiumu'
1734 2775 1864 2849 Unius

1104 2879 1243 2950 tantiam
1264 2870 1482 2950 mentionem
1503 2876 1650 2976 accipe,
1671 2874 1864 2978 quaescri·

1104 2997 1186 3078 pta'
1212 2975 1307 3068 suit,
1356 2987 1430 3049 ouo
1467 2979 1578 3075 gretia
1603 2980 1864 3077 Dei-Imperetur

1102 3079 1290 3176 Augustus,
1334 3079 1432 3150 Anni
1473 3080 1604 3171 lurpnir'
1625 3077 1695 3171 ejus
1735 3080 1772 3151 iu
1801 3079 1868 3177 Del

232 3218 331 3267 mus.
364 3196 464 3268 Haec
490 3188 557 3288 (ut
582 3187 635 3262 ibi
662 3185 819 3286 dicitur)
846 3205 929 3259 tunc
957 3210 994 3256 e·
1032 3187 1067 3257 D
1103 3183 1227 3252 numine
1252 3182 1280 3251 ie
1305 3180 1362 3251 hin
1389 3180 1488 3253 ltalia
1513 3183 1584 3251 Vll.
1608 3177 1656 3258 &¹
1683 3182 1759 3251 irem
1786 3188 1866 3251 Oreo

232 3311 288 3366 rat
322 3297 362 3365 de
395 3289 561 3366 scandulis
595 3310 767 3378 ceoperra;
807 3290 852 3358 Θ
887 3287 994 3379 pollen
1077 3278 1173 3374 [filio
1197 3281 1267 3376 ejus
1292 3286 1464 3372 Imperator
1486 3278 1651 3379 ,Augullut
1675 3280 1775 3353 Anni
1798 3284 1867 3354 len-

228 3396 297 3480 Jru'r
323 3413 461 3488 cooperta
478 3385 534 3462 sde
567 3392 690 3467 Palea,
725 3416 804 3485 quae
838 3387 993 3470 cerebella

227 3493 296 3580 suit
321 3491 364 3561 alr
395 3492 468 3585 igue
491 3489 621 3581 desuper
655 3487 825 3567 Ecclefia'm
859 3484 992 3554 venien-

231 3601 287 3660 te.
324 3587 438 3660 Posrta
473 3603 548 3657 erat
575 3581 678 3653 Iulia
705 3584 769 3654 illa
799 3581 897 3671 juxta
922 3606 992 3651 mu-

229 3715 301 3760 rum
343 3683 499 3769 Ecclefiae
543 3680 628 3753 lenti
665 3680 863 3772 Ambrasti,
907 3681 992 3755 idest

228 3784 432 3867 Mediolani
468 3782 587 3885 junsla
614 3809 716 3859 muro
743 3779 992 3857 Ambrofianae

229 3888 423 3989 Bafilicae3
450 3886 503 3963 ita
531 3892 569 3963 ut
596 3884 680 3961 hinc
699 3888 858 3968 eluceat,
885 3909 991 3983 quam

230 3991 333 4068 rudes
359 3989 471 4064 adhuc
497 3989 537 4062 in
573 3989 678 4063 ltalia
713 3989 829 4064 sorent
856 4014 991 4066 mores,

229 4187 991 4390 isidalifililnifilii‘iiii‘ii‘idl]

227 4421 306 4477 tum
334 4402 576 4505 spellabatur.
660 4414 668 4435 ¹

279 4506 328 4575 Et
364 4506 582 4603 privatorum
619 4494 762 4595 quidem
803 4490 990 4567 bominum

229 4600 329 4673 aedes
384 4603 564 4699 plerasque
624 4601 663 4674 in
714 4595 874 4672 Urbibus
919 4601 991 4670 Ita-

229 4699 300 4774 liae
339 4715 423 4772 tunc
474 4700 657 4774 abundasse
711 4695 883 4799 ejusmodi
937 4715 991 4770 te·

254 4797 431 4891 umentia,
475 4823 587 4894 neque
631 4799 705 4895 ejus
755 4797 991 4873 consistentiae

229 4828 356 4994 luisse,
383 4926 423 4975 ac
459 4895 564 4971 nostri
600 4897 795 4995 temporis:
834 4899 990 4974 indicare

229 5007 368 5109 possunt
393 5020 452 5086 tot
476 5024 517 5077 ae
543 5015 647 5078 tuntu¹
675 4998 859 5089 incendia,
900 5024 989 5104 quae
1017 5050 1023 5071 .

1101 3384 1185 3474 perii
1209 3384 1279 3469 eius
1303 3383 1339 3454 iu
1368 3387 1428 3454 Dei
1454 3382 1576 3454 uenulae
1599 3388 1702 3475 ,Anne
1734 3387 1814 3453 verb
1837 3384 1866 3457 l.

1103 3486 1156 3553 die
1196 3488 1307 3555 Xlll..
1327 3483 1450 3567 Meufis
1485 3485 1636 3576 Junler,
1688 3480 1866 3556 inrisione

1104 3587 1162 3653 xl.
1212 3581 1295 3656 idest
1347 3587 1455 3657 Anno
1494 3580 1640 3677 Christi,
1679 3585 1862 3660 DCCCC-

1079 3686 1275 3756 ,vaut
1304 3685 1356 3757 lbi
1378 3686 1493 3760 Wido
1522 3685 1714 3785 Episcopus
1747 3682 1866 3759 Muti·

1069 3771 1076 3885 l
1103 3781 1213 3856 nenfis
1241 3787 1405 3857 Dominieo
1430 3789 1487 3883 qui
1512 3800 1556 3869 Θ
1580 3793 1722 3869 Franco,
1748 3787 1804 3857 vel
1820 3784 1868 3860 d

1104 3888 1170 3956 ruis
1196 3886 1361 3956 heredibus
1387 3889 1431 3959 ael
1466 3889 1645 3972 abendam,
1678 3889 1732 3979 seu
1769 3884 1862 3959 labe-

1103 3993 1264 4073 randum,
1286 3985 1340 4078 seu
1365 3987 1454 4078 ceusu
1480 3991 1579 4080 afislo
1603 3992 1790 4062 reddendum
1815 3987 1864 4057 li-

86 4136 89 4141 ·
230 4093 372 4199 quando
408 4092 447 4167 in
483 4087 585 4165 Urbe
620 4088 921 4188 splendidissima,
951 4087 991 4167 δι
1036 4086 1064 4154 Ε
1103 4089 1234 4161 bellaria
1269 4089 1391 4159 nemine
1430 4092 1523 4188 ulque
1548 4098 1593 4167 ed
1617 4118 1713 4165 annor
1738 4088 1865 4186 uiginti

1104 4216 1214 4261 noveru
1239 4193 1375 4280 expletos
1399 4194 1582 4268 concedit:
1622 4193 1658 4263 ld
1681 4195 1756 4280 lunt
1778 4216 1865 4263 earn-

1102 4307 1194 4386 peret
1216 4294 1320 4388 pecias
1346 4314 1405 4364 tres
1433 4323 1501 4366 curn
1527 4323 1592 4369 uua
1625 4295 1709 4385 Casa
1736 4293 1864 4366 Pellie-

1104 4392 1202 4479 ricie,
1240 4388 1288 4470 (θ’
1322 4421 1390 4467 euru
1415 4399 1629 4493 aliquantulis
1666 4394 1749 4466 viris
1776 4394 1866 4483 [uper

1098 4490 1342 4583 febrientem,
1364 4498 1449 4589 juria
1476 4498 1641 4594 Episcopi}
1664 4494 1783 4568 Sabis·
1801 4500 1868 4566 Ge·

1105 4592 1263 4675 mluleni,
1290 4598 1346 4688 qul
1372 4600 1507 4689 rejacent
1534 4601 1567 4669 r'n
1594 4601 1677 4670 loeas
1699 4618 1795 4692 prope
1825 4594 1871 4684 est

1104 4692 1212 4780 Culleo
1252 4696 1381 4767 Vruieln
1420 4695 1492 4775 &a
1537 4699 1593 4773 Ita
1638 4700 1676 4773 in
1704 4696 1868 4773 Bullario

1105 4791 1277 4868 Casinensr
1304 4797 1412 4869 Tom.
1433 4823 1467 4873 a.
1493 4796 1802 4875 Constitutionem
1824 4803 1865 4872 x.

1105 4894 1270 4969 habemus
1313 4904 1415 4969 ,Auro
1454 4907 1512 4974 IX.
1541 4903 1698 4988 Defiderii
1744 4901 1863 4998 Regis,

1103 4997 1151 5078 (θ’
1187 5003 1242 5073 Vl.
1277 5000 1433 5074 usdelcbr's
1467 5006 1570 5103 Regis
1609 5003 1862 5103 Langobardo-

1710 5131 1817 5188 rum)
