4216 6014
282 347 369 453 '337
601 331 968 426 versentano
1001 326 1483 426 cressementum
1719 341 1803 456 ,α
1934 288 1937 293 ’

224 598 449 691 Clementis
470 606 540 689 111.
560 603 637 691 five
653 602 838 694 Guiberti
859 605 1148 720 PseudoPapue
1169 599 1305 708 Bulla,
1334 630 1414 718 qun
1435 599 1649 691 cononicis
1669 597 1866 693 Ecolefiut

346 721 547 837 Regienfis
572 723 709 811 omnia
730 724 892 814 illorum
914 729 1018 814 bona
1041 727 1080 810 δι
1104 723 1190 871 jusu
1209 721 1444 832 confirmat,
1476 728 1598 808 Anno
1621 755 1748 832 1092.

326 961 455 1028 Lemens
490 957 663 1052 Episcopus
695 960 811 1052 servus
830 959 993 1053 serverum
1029 964 1064 1034 A
1102 955 1291 1057 corrigia,
1312 957 1368 1048 seu
1395 957 1430 1028 in
1456 957 1596 1046 Butrio,
1622 953 1657 1027 in
1684 956 1771 1045 Ria,
1798 958 1869 1029 ra-

166 1131 167 1134 ,
351 1058 432 1147 Dei,
481 1060 652 1132 canonisis
692 1061 859 1155 Regiensis
885 1063 993 1134 Eccle·
1102 1086 1206 1150 zano,
1233 1057 1517 1154 campogalliani,
1558 1057 1593 1130 in
1629 1059 1805 1143 Fontana,
1833 1056 1869 1127 in

224 1159 313 1242 stae,
342 1162 533 1258 ipsorumque
564 1158 785 1254 sueceffcribus
825 1163 859 1233 in
883 1184 994 1258 perpe-
1102 1169 1225 1248 Proto,
1261 1161 1406 1242 Canale,
1451 1159 1630 1240 Mandrie,
1680 1157 1714 1228 in
1740 1160 1868 1250 Gurgo.

228 1276 337 1338 tuum.
376 1269 503 1356 Oportet
547 1288 602 1333 nos
645 1264 680 1334 in
714 1262 844 1356 specula
863 1263 996 1356 sanilae
1103 1267 1152 1332 Et
1171 1261 1271 1353 sortes
1295 1273 1398 1352 duas,
1434 1288 1513 1356 quae
1543 1261 1623 1353 sunt
1656 1279 1752 1355 prope
1786 1262 1872 1328 cur·

226 1361 322 1432 Sedis
356 1363 558 1457 Apollolicae
592 1362 773 1449 eonslitutos
808 1370 853 1434 ad
885 1364 996 1453 desen·
1103 1382 1305 1450 temnovam,
1331 1359 1378 1440 du
1404 1361 1527 1453 manses
1552 1364 1631 1432 duos
1656 1360 1692 1430 in
1727 1357 1870 1440 cetlole,

221 1458 342 1544 stenem
368 1463 412 1533 ὅ·
428 1462 668 1555 firmitudinem
695 1463 904 1548 Ecclefiarum
931 1463 998 1539 Dei
1104 1459 1151 1542 (9
1185 1461 1314 1535 Plebem
1347 1466 1387 1532 cle
1420 1463 1590 1535 Nuvalare
1624 1488 1694 1535 cum
1727 1460 1872 1532 omnibus

228 1561 408 1659 vigilanter
443 1563 580 1653 insislere
604 1588 759 1663 quatenus
792 1569 832 1636 de
857 1568 935 1639 bono
960 1565 996 1637 in
1097 1562 1170 1656 suis
1192 1561 1417 1659 pertinentiis,
1444 1564 1488 1633 (9
1510 1564 1635 1655 'mansos
1659 1583 1723 1643 tres
1748 1561 1783 1631 in
1803 1567 1871 1633 ca·

229 1664 341 1735 melius
368 1670 445 1738 Deo·
460 1665 642 1760 adjuvante
664 1668 861 1764 proficiant,
886 1689 925 1740 ut
946 1694 996 1738 re·
1104 1667 1195 1753 nole,
1221 1664 1424 1745 corviatico,
1451 1665 1665 1742 Mandriole,
1687 1663 1721 1733 in
1748 1659 1872 1735 Fabri-

231 1783 316 1836 mota
341 1767 479 1836 omnium
501 1789 675 1862 pravorum
694 1770 853 1841 hominurn
873 1767 997 1865 inquie·
1104 1793 1140 1836 ca
1166 1765 1309 1856 mansum
1334 1791 1462 1847 unum,
1502 1762 1550 1842 (9·
1587 1763 1621 1835 in
1656 1763 1760 1854 Sese,
1801 1770 1871 1833 Ro-

232 1864 345 1933 tudine
370 1864 585 1952 ministrantes
609 1869 736 1938 divinis
762 1869 875 1960 officiis
891 1891 997 1966 prorn-
1041 1872 1071 1947 B
1103 1871 1214 1955 dano,
1239 1865 1437 1956 silvarano,
1476 1867 1706 1962 carbognano,
1746 1862 1872 1934 cataa-

100 2039 102 2042 ,
229 1965 321 2060 ptius
347 1965 466 2040 intenti
504 1967 609 2064 quiete
642 1970 820 2056 ministrare
854 1990 998 2068 queant,
1105 1970 1209 2059 riola,
1234 1968 1466 2058 campaniola,
1493 1968 1652 2053 Rodunt,
1681 1966 1755 2041 Vico
1773 1966 1873 2035 Mar-

233 2065 277 2135 (9
303 2092 358 2137 nos
382 2068 457 2138 boni
481 2068 621 2156 Pastoris
652 2097 822 2143 mereamur
843 2073 999 2167 percipere
1105 2070 1196 2159 tini,
1231 2068 1425 2164 ‚Querciola‚
1466 2075 1581 2140 Monte
1620 2067 1782 2140 Gamoni.
1823 2068 1873 2135 Et

227 2167 395 2263 praemia.
434 2175 490 2240 Ac
530 2191 588 2260 per
625 2173 681 2243 hoe
716 2193 775 2265 per
803 2173 996 2268 praesentent
1063 2260 1066 2265 Ι
1105 2171 1272 2267 Capellam
1295 2168 1394 2242 Santi
1421 2169 1491 2242 Viti
1512 2169 1546 2240 in
1569 2167 1716 2262 offiano,
1743 2167 1787 2238 (9·
1804 2170 1872 2239 Co·

223 2267 415 2364 scripturam
439 2268 624 2366 Apcslolica
649 2272 836 2347 aucloritate
863 2274 897 2345 in
923 2296 995 2371 per·
1102 2275 1223 2370 pellam
1257 2269 1372 2344 sancte·
1406 2270 1548 2345 Abunde·
1575 2298 1643 2343 cum
1676 2268 1748 2363 suis
1771 2266 1872 2362 perti·

229 2389 359 2466 panum
384 2378 575 2443 manendum
599 2371 818 2466 confirmamus
851 2377 996 2449 Canoni-
1106 2375 1246 2456 nentiis,
1285 2377 1420 2445 Pratum
1472 2375 1511 2443 de
1550 2377 1690 2462 Buceso,
1733 2369 1871 2450 Ariole,

232 2473 277 2541 cis
302 2469 431 2556 sanilae
456 2474 627 2566 Regiensis·
650 2476 833 2566 Ecclestae,
877 2497 914 2547 ut
952 2479 998 2551 ad
1105 2476 1270 2569 Gaziata,
1296 2474 1483 2563 Motelena,
1522 2473 1737 2570 Camplgme
1774 2474 1874 2544 Mal·

233 2571 426 2643 canonicam
455 2571 548 2664 suam
598 2575 832 2650 inviolabiliter
869 2597 998 2650 teneant
1107 2577 1253 2663 muricia,
1288 2571 1337 2653 &⁶
1377 2601 1446 2656 res,
1485 2599 1565 2671 quae
1604 2572 1744 2666 rejacent
1772 2569 1873 2665 juxta

233 2677 363 2744 curtem
387 2699 506 2763 unam,
532 2702 612 2772 quae
636 2677 755 2749 dicitur
796 2680 911 2771 Villa,
953 2680 998 2749 (9
1106 2676 1314 2746 Ponticellum
1342 2675 1497 2757 Radani,
1537 2676 1637 2748 Silva
1660 2678 1700 2746 de
1725 2671 1873 2763 Groseto,

233 2773 357 2865 mansos
406 2794 469 2845 tres
512 2776 547 2848 in
594 2784 723 2870 Gova,
771 2781 912 2873 mansum
959 2807 998 2850 u·
1038 2787 1071 2860 C
1107 2777 1298 2867 Pnrciliole‚
1325 2776 1463 2865 Runcise
1478 2826 1489 2858 ,
1516 2773 1564 2854 (9
1590 2778 1625 2848 in
1651 2774 1766 2866 casale
1792 2771 1874 2866 Fos-

233 2902 321 2947 nurn·
348 2874 383 2945 in
419 2877 595 2960 Noniano,
623 2881 657 2951 in
683 2882 847 2978 campilia
871 2886 1001 2953 curtem
1101 2877 1270 2975 seduense,
1311 2875 1372 2954 (9·’
1398 2878 1561 2968 Razolum
1600 2904 1668 2948 curn
1704 2874 1873 2966 piscariis,

234 3003 354 3057 unam,
403 2977 447 3046 (9·
485 2980 607 3071 mansos
651 2982 728 3053 duos
741 3030 754 3064 ,
800 2984 844 3053 (9·
883 3009 1001 3064 unurn,
1109 2974 1158 3056 &¹
1200 2976 1344 3049 omnibus
1378 2976 1448 3066 suis
1472 2977 1677 3067 pertinentiis
1704 2978 1748 3048 ad
1787 2981 1874 3048 Sarr-

236 3102 327 3175 quem
350 3078 442 3149 dedit
466 3080 671 3177 sigefridus,
697 3083 755 3178 qui
777 3082 896 3155 elicitur
920 3084 1004 3155 Gal·
1109 3077 1193 3149 flurn
1237 3078 1466 3169 Stephanum,
1505 3080 1551 3150 ael
1597 3075 1754 3149 Sanilum
1796 3075 1875 3169 Pos-

237 3179 337 3260 liulo,
363 3186 513 3270 Curtem,
540 3207 620 3278 qnae
644 3183 761 3255 elicitur
787 3179 917 3277 Mosa,
938 3209 1006 3254 cum
1101 3178 1264 3264 fidonium
1292 3231 1305 3268 ,
1355 3178 1389 3247 in
1424 3184 1514 3272 Pago
1562 3174 1744 3260 Mutinensi
1780 3182 1874 3272 Buy-

233 3281 304 3371 suis
331 3282 555 3372 appendiciis,
595 3283 776 3356 Prenniano
815 3309 883 3354 curn
919 3284 1007 3370 suis,
1109 3282 1180 3368 da,
1220 3278 1256 3350 in
1296 3283 1410 3349 Monte
1443 3274 1650 3370 Paffarario,
1690 3278 1726 3348 in
1761 3277 1876 3350 Pulia·

240 3379 285 3449 (9
312 3398 448 3457 terrant,
475 3404 554 3473 quae
579 3380 621 3466 est
647 3382 682 3453 in
708 3382 818 3471 Caslro
856 3384 1006 3456 Holeria·
1105 3380 1243 3477 gnellc,
1276 3385 1393 3468 Serra,
1432 3380 1617 3469 Appollina
1651 3385 1697 3450 ad
1720 3375 1877 3450 sanilam

240 3505 301 3566 no,
329 3477 363 3550 in
390 3479 532 3551 Mucleto
557 3482 700 3573 mansum
725 3511 845 3566 unum,
880 3483 916 3554 in
941 3485 1005 3558 Di·
1110 3481 1259 3553 Marianr
1284 3506 1352 3551 cunr
1377 3480 1514 3553 oliveto.
1551 3485 1599 3552 Et
1641 3479 1804 3552 Decimam
1839 3481 1876 3550 in
1960 3539 1964 3549 .

239 3604 367 3671 nazano
391 3606 511 3668 unum,
552 3583 587 3654 in
626 3584 719 3656 Valle
758 3586 849 3658 Birli
887 3611 1004 3666 unum,
1110 3581 1296 3671 Ciuitate,
1323 3605 1413 3679 quae
1440 3599 1588 3654 uocatur
1609 3579 1783 3680 Regium,
1808 3606 1878 3654 curn

237 3681 273 3754 in
300 3685 415 3752 Monte
449 3683 573 3754 Babuli
611 3711 731 3776 unum,
772 3687 806 3756 in
845 3686 1005 3782 casaliclo
1042 3697 1078 3768 D
1111 3681 1197 3755 omni
1235 3682 1447 3780 integretate,
1486 3679 1534 3760 &
1580 3683 1614 3753 in
1641 3680 1787 3765 Maesia.
1828 3686 1879 3754 Et

238 3807 358 3862 ununr,
384 3781 419 3853 in
445 3784 604 3857 Brasiano
630 3806 713 3867 tres,
752 3787 786 3857 in
828 3786 1005 3860 Veteriuola
1084 3726 1215 3856 lomnes
1240 3810 1315 3866 res,
1340 3785 1519 3880 quaesunt
1545 3784 1579 3854 in
1604 3783 1735 3856 circuitu
1770 3780 1877 3858 Civi-

238 3909 357 3973 unum‚
403 3882 437 3953 in
482 3888 597 3956 Monte
622 3889 760 3958 Todioni
793 3914 916 3962 unurn.
955 3893 1005 3960 Et
1114 3883 1199 3959 totis
1224 3910 1314 3982 quae
1341 3902 1489 3958 vocatur
1515 3882 1670 3958 Emilia.
1720 3889 1769 3956 Et
1793 3889 1879 3957 cur·
1921 3933 1924 3939 »

239 3983 390 4080 quicquid
411 3985 549 4078 pertinet
573 3990 617 4058 ad
640 3985 838 4076 praedillam
868 3987 1005 4061 saeuae
1114 4006 1177 4058 tem
1201 4012 1298 4058 unam
1325 3984 1359 4056 in
1386 3985 1649 4078 Tertonenssbus,
1689 4013 1769 4083 quae
1794 3984 1878 4057 dici-

239 4085 379 4177 Maiae
398 4081 454 4170 (9·Ι
471 4084 588 4156 canili
613 4088 785 4161 Michaelis
813 4089 1005 4161 canonicam
1115 4108 1168 4158 tur
1192 4091 1291 4159 Nova
1299 4114 1320 4174 ;
1345 4087 1389 4156 (9
1414 4114 1517 4160 omnes
1543 4117 1589 4161 res
1603 4137 1615 4170 ,
1641 4113 1720 4183 quae
1739 4087 1819 4178 sunt
1843 4083 1879 4157 iu

240 4183 276 4257 in
302 4182 477 4271 Tabiana,
504 4190 718 4271 caterniano,
760 4190 931 4281 Mellocio,
957 4187 1006 4268 (9·
1115 4185 1342 4283 Aqueduilio,
1372 4186 1419 4268 &
1445 4196 1574 4263 curtem
1598 4185 1715 4260 sancte·
1739 4188 1880 4276 snepha-

240 4293 415 4379 Grazano,
441 4288 485 4357 (9
512 4289 669 4361 Verniano
693 4317 762 4363 cuns
780 4289 864 4383 suis'
886 4311 1005 4386 appen·
1115 4289 1152 4360 ni
1176 4315 1246 4362 turn
1271 4290 1394 4379 Plebs,
1421 4316 1501 4386 quae
1527 4289 1614 4380 insra
1639 4287 1784 4371 caslrurn
1811 4283 1882 4370 fita

240 4388 355 4478 liciis,
382 4391 427 4458 (9
452 4389 487 4461 in
513 4389 677 4465 Ciuitate
715 4393 846 4483 Noun,
882 4390 929 4470 (9·
970 4393 1005 4463 in
1117 4387 1184 4478 est,
1209 4416 1278 4464 cunr
1302 4390 1445 4463 omuibus
1465 4391 1535 4481 suis
1570 4384 1799 4485 pertinentiis,
1832 4385 1881 4473 fi·

240 4490 361 4577 curlo,
399 4489 444 4559 (9·
467 4514 513 4561 res
543 4492 621 4563 illas
645 4519 714 4566 euno
741 4491 835 4578 stlva
873 4494 908 4565 in
934 4500 1005 4567 Ba·
1117 4491 1182 4563 cuti
1205 4518 1228 4565 a
1264 4489 1364 4564 bonae
1389 4491 1552 4562 raemoriae
1592 4485 1766 4588 Sigefrido
1793 4487 1881 4587 Epi-

239 4582 370 4681 surrla,
408 4589 456 4670 (9·
500 4590 627 4665 Plebem
667 4621 764 4666 unam
801 4595 836 4666 in
863 4595 1007 4669 Rivalta
1030 4613 1073 4686 -g
1119 4591 1245 4694 scopo,
1270 4592 1326 4663 vel
1349 4588 1393 4664 ab
1419 4591 1496 4663 aliis
1523 4587 1688 4687 Episcopis
1711 4613 1770 4688 pro
1789 4592 1881 4685 suis,

243 4713 312 4759 cunr
345 4689 453 4776 Casino
490 4694 532 4763 (9
576 4695 646 4785 suis
689 4697 915 4793 pertiuentiis,
959 4693 1006 4775 ό·
1112 4696 1298 4789 suorumque
1326 4689 1524 4786 successorum
1558 4692 1749 4775 animabus,
1784 4694 1885 4765 eidem

242 4787 386 4874 mansum
426 4791 460 4859 in
499 4795 658 4866 corniano
701 4798 746 4875 (9,
781 4797 816 4870 iu
852 4797 1007 4889 Rumbo,
1116 4795 1293 4871 canonicae
1317 4793 1546 4892 perscriptum
1580 4795 1636 4866 vel
1661 4795 1884 4882 investituram

240 4889 421 4969 sollium,
448 4893 491 4959 (9·
516 4896 675 4986 Allieno,
721 4900 766 4969 (9·
805 4924 853 4969 res
878 4899 913 4969 in
938 4905 1006 4972 Ga·
1117 4900 1192 4971 hnc
1228 4896 1426 4988 providendo
1469 4897 1590 4995 integre
1632 4896 1751 4968 collata
1783 4893 1883 4980 sunt·
2033 4978 2037 4984 ,

242 4986 336 5088 vasa
344 5016 430 5167 ²cum
455 4992 605 5166 ἷῗὶςαίς,
648 4997 692 5068 0
724 4997 839 5085 silva,
888 5000 932 5072 (9·
971 4933 1037 5084 iul
1117 5005 1359 5175 AtqueYomnes
1384 5023 1455 5092 res,
1495 5023 1575 5096 quas
1607 4999 1648 5071 de
1680 4992 1788 5189 aas!
1797 4990 1884 5086 Epi·

375 5117 435 5167 om,
502 5145 513 5167 .
630 5160 632 5164 .
1780 5119 1830 5169 ct·
