4216 6014
213 375 332 490 Ι,η
530 342 898 434 bisuntinum
936 345 1485 465 Vtunsrnnoonmna
1537 314 1541 322 ’
1694 360 1777 469 718

385 566 441 639 De
466 563 577 667 Lapis
602 562 761 666 gagatis.

190 829 192 831 .
242 768 347 861 Lapis
377 769 510 868 gagatis
537 769 658 856 similis
683 772 792 845 eoloris
816 772 956 866 arripie-

190 870 316 941 tnenti:
350 897 412 943 non
446 872 531 945 enim
563 872 611 959 fic
645 876 780 947 multum
814 876 955 960 uiridis,

190 971 248 1067 qui
281 977 358 1044 dutn
382 974 566 1065 rumpitur,
604 976 707 1073 ignem
733 978 876 1060 etmitti,
894 980 956 1049 θ’

144 1144 156 1169 .
184 1069 330 1162 finditur
367 1076 551 1150 lumiminat
588 1090 739 1170 temnas,
775 1100 835 1171 per
874 1084 957 1176 qued

191 1174 416 1248 Alexandrini
440 1201 556 1250 vreurn
580 1206 649 1249 eunt
680 1201 804 1274 petenen
826 1183 956 1277 planu,

191 1299 229 1344 eu
254 1303 317 1371 qua
334 1276 384 1369 fit
405 1305 627 1361 cerumartnrr,
654 1283 711 1378 qui
734 1282 858 1376 pilatur
877 1282 955 1373 sub·

192 1374 316 1449 tiliter.
352 1379 468 1449 Mittit
501 1381 575 1453 Lib.
612 1384 639 1455 l.
675 1389 715 1454 de
750 1380 815 1480 ipsu
848 1386 957 1475 lapide
999 1373 1028 1444 Β

191 1471 239 1552 &¹
264 1488 347 1549 duas
381 1481 570 1572 taurocollr,
607 1481 654 1562 (φ
687 1512 767 1580 uque
802 1483 879 1559 Lib.
917 1492 955 1558 V.

191 1574 240 1657 ἐν
266 1581 342 1662 bit,
378 1577 425 1660 &¹
452 1583 543 1653 tertio
567 1584 706 1656 bulliens
731 1587 849 1680 effidur
874 1612 955 1660 erm-

189 1677 317 1772 ntiJcent
344 1683 388 1755 Ψ
405 1682 471 1775 fiet
496 1711 722 1763 cerrmutmrr.
785 1683 790 1693 ’

380 1888 436 1960 De
462 1885 573 1986 Lapis
598 1886 770 1965 trachias.
815 1853 818 1861 .

206 2044 208 2048 >
243 2086 481 2183 Lupislrerbiur
508 2082 648 2186 naseitur
673 2093 708 2166 in
726 2092 883 2182 universis
908 2098 957 2168 lo-

190 2187 234 2260 tit
267 2190 411 2285 uiridis,
443 2190 565 2293 fiffut,
600 2196 735 2290 fuscus.
772 2197 958 2287 Cmbullus

182 2285 248 2384 fiet
267 2293 381 2371 albus.
407 2296 562 2368 Mittitur
581 2298 616 2370 in
636 2299 787 2372 euulimiu
806 2303 842 2373 in
864 2327 957 2374 mun-
995 2273 1032 2350 C

188 2393 317 2466 elutione
342 2398 492 2493 regenti.

209 2496 363 2570 .I·Iabet
404 2496 517 2593 heic,
557 2500 582 2575 li
622 2503 716 2578 resse
755 2503 956 2596 attendisti,

192 2599 331 2692 quoin
357 2601 439 2674 loco
466 2606 598 2681 Latina
617 2607 760 2707 Lingua
787 2607 879 2683 soret
897 2612 957 2681 Se-

191 2698 274 2771 culo
308 2703 412 2774 VIII.
450 2709 540 2807 apud
576 2708 694 2783 minus
729 2708 881 2797 dolios,
918 2705 958 2782 &

192 2817 283 2896 quot
310 2804 416 2878 verba
442 2835 484 2880 ac
509 2810 643 2884 formae
669 2808 810 2883 dicendi
834 2838 854 2882 e
878 2812 958 2884 vul-

194 2901 231 3000 gi
251 2901 466 3000 loquutione
483 2909 522 2982 in
542 2912 712 2984 Latinam
739 2907 955 3006 irreperent:

193 3003 351 3101 exempli
387 3003 528 3080 causti:
573 3007 684 3102 ejicis,
724 3028 762 3078 ut
801 3009 960 3099 resridet:

188 3104 323 3196 Jecueet
348 3109 432 3203 quud
458 3134 521 3208 pro
541 3110 750 3203 serondrcbd:
782 3111 849 3202 ruse
875 3112 961 3202 ipsas

995 470 1027 540 A
1075 468 1217 566 lingui
1252 469 1411 559 Latini,
1447 494 1536 570 quae
1569 468 1643 543 sola
1678 489 1763 546 tunc
1799 473 1838 547 in

1076 567 1259 670 scripturis
1282 569 1532 670 usurpabatur,
1558 571 1742 671 qnisquam
1767 574 1837 650 mi-

1076 696 1140 744 nus
1176 670 1309 770 peritus
1347 671 1440 748 sensa
1476 673 1533 748 sua
1569 699 1743 775 exponere
1771 673 1838 749 lla·

1076 773 1197 846 tuebat
1215 822 1227 855 ,
1268 771 1292 846 fi
1332 801 1412 849 eum
1453 773 1663 851 deficiebant
1704 773 1837 853 Latina

1077 875 1209 964 verba,
1238 875 1375 958 verbis,
1413 903 1453 951 ac
1479 875 1641 952 formulis
1668 877 1837 980 Vulgaris

1077 976 1239 1076 Linguae
1258 978 1422 1052 utebatur
1447 978 1486 1054 in
1513 978 1698 1054 subsidium
1728 978 1838 1055 insci-

1078 1079 1148 1152 tiae
1175 1078 1276 1161 suae‚
1316 1080 1706 1181 agebatquecoablus,
1742 1080 1838 1180 quod

1073 1179 1190 1278 'postea
1216 1182 1377 1256 consultu
1402 1184 1478 1283 egit
1503 1183 1681 1258 Merlinus
1701 1186 1839 1257 Coccu-

1076 1284 1152 1383 jus,
1179 1280 1249 1356 five
1268 1282 1491 1384 Theophilus
1515 1286 1623 1358 Folen
1652 1312 1690 1358 us
1716 1284 1755 1357 in
1782 1285 1839 1358 lu·

1076 1384 1176 1457 dicro
1204 1387 1369 1457 Po'e'mate
1395 1384 1476 1460 suo.
1505 1386 1602 1460 vide
1687 1384 1841 1488 Capitu-

1078 1487 1151 1558 lum
1179 1487 1219 1554 de
1246 1485 1496 1577 Crisorantilia,
1523 1515 1552 1559 .e
1587 1492 1724 1562 Graeco
1757 1483 1841 1587 qui·

1078 1585 1156 1659 dem
1204 1582 1430 1676 desumtum,
1473 1586 1655 1685 literisque
1696 1587 1841 1664 Latinis
1891 1638 1896 1647 ·

1078 1685 1256 1761 redditum
1282 1713 1325 1761 ac
1349 1687 1570 1787 expressum,
1607 1686 1662 1761 sed
1699 1688 1861 1788 aspesiu'

1078 1787 1227 1863 omnino
1263 1787 1440 1880 deformi,
1477 1816 1517 1865 ac
1553 1788 1772 1890 postmodum
1799 1790 1843 1867 iu

1078 1895 1190 1965 altero
1216 1889 1438 1991 subsequenti
1464 1888 1641 1994 Capitulo
1667 1897 1706 1964 de
1731 1892 1841 1989 Argi·
1912 1961 1919 1975 ,

1077 1992 1197 2084 rosanti
1221 2020 1243 2064 e
1277 1993 1411 2069 Latind
1444 1994 1523 2069 rudi
1550 1992 1706 2068 versione
1741 2012 1840 2068 tran-

1075 2097 1226 2168 slatum.
1252 2095 1360 2190 Quod
1388 2115 1508 2170 tamen
1534 2095 1680 2171 interim
1702 2096 1841 2169 adrem

1077 2195 1225 2271 nostram
1268 2195 1384 2289 facit,
1424 2197 1509 2271 hinc
1548 2197 1716 2271 habemus
1734 2245 1746 2282 ,
1782 2198 1843 2272 vel

1077 2297 1210 2372 Seculis
1230 2297 1384 2373 barbaris
1404 2296 1504 2375 suisse
1525 2302 1624 2399 plura
1643 2301 1750 2400 quim
1765 2323 1843 2374 cre·

1076 2399 1193 2474 dimus
1221 2399 1370 2476 Artium
1405 2401 1617 2476 documenta
1648 2427 1690 2476 ac
1725 2397 1842 2475 artifi·
1918 2411 1921 2418 '

1077 2499 1152 2575 cia.
1181 2504 1286 2576 Plura
1312 2528 1385 2579 non
1412 2503 1615 2596 noscimus,
1642 2501 1727 2602 quia
1753 2501 1840 2576 illo·

1076 2630 1154 2679 rum
1181 2603 1392 2679 memoriam
1419 2606 1545 2681 literae
1571 2607 1692 2680 nullae
1707 2625 1710 2633 '
1726 2601 1842 2678 serva·

1052 2718 1056 2729 '
1077 2725 1187 2778 runt.
1215 2707 1282 2777 Sed
1307 2707 1385 2778 veri
1410 2708 1554 2780 videtur
1580 2707 1719 2786 fimile,
1748 2707 1844 2778 mul·

1077 2823 1114 2874 ta
1140 2802 1285 2899 opificia
1312 2804 1359 2874 iis
1384 2803 1494 2877 etiam
1521 2804 1740 2904 temporibus
1763 2822 1844 2878 tum

1077 2901 1121 2974 ad
1157 2898 1395 2975 neceffitatem
1432 2902 1647 2985 hominnm,
1684 2925 1762 2979 tum
1798 2903 1844 2978 ad

1079 3002 1306 3077 commodum
1333 3021 1441 3101 atque
1466 3001 1744 3076 oblesbationem
1781 3031 1844 3103 pe-

1078 3105 1173 3180 rana
1194 3103 1314 3179 suisset
1344 3101 1480 3202 quaest
1508 3103 1737 3205 superessent,
1765 3106 1844 3180 lau·

189 3207 316 3303 pelles,
352 3233 416 3306 pro
450 3212 516 3284 euri
549 3213 581 3283 le
608 3207 697 3303 [leffe
729 3213 833 3306 pelli:
867 3215 960 3286 laxas
1005 3190 1039 3259 Ῑ)
1079 3208 1159 3280 dem
1186 3206 1311 3306 saepe,
1346 3205 1525 3281 interdum
1562 3232 1702 3307 quoque
1728 3206 1844 3280 admi·

195 3306 365 3393 desiccare,
392 3335 457 3407 pto
483 3312 560 3401 lusci
579 3313 726 3404 serrare:
751 3316 839 3384 butte
855 3314 961 3387 lumi·

196 3435 261 3490 na,
297 3410 342 3480 (9'
363 3408 520 3506 postilla
553 3416 681 3484 battuta
693 3438 708 3481 .·
742 3437 797 3510 prr
831 3417 960 3489 martel-

195 3510 264 3582 luut
289 3513 482 3607 adaequetur
506 3535 574 3586 tam
599 3520 639 3586 de
674 3516 777 3588 letum
802 3546 897 3616 quant
922 3523 962 3593 dr

193 3612 347 3709 lengum:
377 3614 521 3706 sculdato
548 3618 606 3687 illo
631 3618 667 3690 in
688 3617 775 3706 seer,
801 3627 889 3694 butte
914 3621 962 3703 &

195 3732 266 3786 tene
293 3715 379 3785 illud
403 3742 471 3788 eunt
495 3720 622 3792 tenaleu
649 3720 755 3811 ferrea
768 3748 785 3791 .·
815 3725 873 3814 sed
898 3747 960 3795 tut·

195 3835 296 3887 natur
319 3819 360 3888 de
385 3816 468 3890 intro
494 3821 529 3893 in
550 3822 640 3913 seras
648 3849 664 3893 .·
689 3829 843 3897 deserenda
852 3853 869 3896 .·
895 3855 963 3898 eum

197 3917 246 3991 ibi
265 3916 403 4009 [caum
425 3941 506 4015 pene
530 3928 575 3995 ad
601 3930 746 3997 battere:
771 3930 816 3997 (9·
831 3931 964 4003 ¹denun-

196 4038 253 4091 tt:
281 4017 522 4110 setuteiuntur:
556 4029 710 4095 modicum
745 4029 822 4097 luxu
849 4031 964 4114 stare:

197 4119 268 4190 lixa
294 4118 404 4190 illud:
430 4116 478 4198 &
498 4122 532 4206 si
556 4124 658 4195 lirare
682 4125 846 4197 volueris:
872 4133 963 4222 prin·

197 4221 412 4313 deteruisse:
440 4223 526 4316 'flore
556 4229 673 4322 puppii
700 4226 785 4324 pilia
810 4229 871 4318 istu
897 4253 964 4310 totu

201 4320 283 4420 (sed
320 4321 470 4400 fortassis
505 4325 558 4399 ibi
595 4327 763 4425 scriptum
799 4351 839 4407 ut
875 4333 961 4408 alibi

196 4423 271 4522 pilu
296 4425 469 4503 Latinum
498 4431 677 4529 verbnm)
704 4436 748 4503 Θ·
772 4433 963 4508 eriballum:

199 4526 403 4620 adplunure,
440 4530 495 4606 seu
526 4534 703 4628 adplunare
731 4534 814 4633 eunt
831 4540 964 4610 rnatirle

202 4627 341 4724 lignea:
375 4628 491 4700 divide
525 4662 593 4704 eum
626 4633 674 4715 θ’
710 4631 867 4723 adsuerat
901 4635 964 4734 ossa

198 4731 313 4830 graeci
340 4730 409 4812 (tc.
439 4732 620 4827 Nusquam
648 4742 795 4814 memini
826 4769 882 4816 me
907 4742 961 4815 vi·

203 4831 287 4910 dere
311 4854 580 4908 monumentum
602 4834 710 4910 serae
737 4841 964 4940 antiquitatis

205 4936 354 5011 Italicae
372 4936 528 5030 vulgaris
548 4938 709 5040 Linguae
723 4939 876 5017 frustulis
890 4967 959 5014 tam

105 5102 110 5112 .
203 5033 302 5141 saepe
345 5038 565 5124 inmixtum
583 5092 609 5143 ·..
633 5042 780 5123 Scilicet
822 5044 966 5146 quoties

1080 3308 1255 3383 rationem
1291 3335 1310 3382 a
1347 3306 1449 3382 nobis
1485 3308 1700 3411 exigerent,
1736 3328 1844 3408 atque

1081 3412 1331 3511 impetrarent.
1349 3409 1545 3485 Defiderius
1560 3408 1846 3484 Cannenfisnbss
1971 3470 1979 3482 .

1083 3517 1170 3603 bas,
1197 3512 1239 3586 de
1266 3539 1338 3610 qno
1364 3539 1474 3613 nuper
1501 3512 1572 3586 suit
1602 3511 1713 3587 sermo
1731 3567 1742 3605 ,
1758 3531 1845 3585 'non

1082 3615 1125 3688 de
1152 3612 1373 3688 Mustvorum
1410 3632 1484 3688 arte
1521 3613 1729 3689 restituenda
1756 3632 1846 3687 tan-

1084 3716 1271 3790 tummodo
1299 3714 1458 3790 solicitus
1485 3714 1578 3806 suit,
1616 3714 1669 3790 uti
1707 3713 1848 3788 ostim-

1085 3818 1125 3892 sts
1154 3815 1276 3890 scribit
1302 3816 1385 3889 Lib.
1411 3839 1446 3911 3.
1468 3819 1557 3910 Cap.
1585 3839 1644 3914 ²9·
1672 3811 1847 3892 Chronic.

1085 3915 1299 3995 Cafinenfis:
1331 3915 1391 4006 sed
1416 3916 1459 3986 Θ
1485 3921 1525 3987 de
1559 3917 1703 3989 omnibus
1738 3915 1849 4010 artifi-

1085 4023 1144 4093 ciir
1182 4043 1388 4116 quaecumque
1425 4044 1464 4090 ert
1497 4044 1575 4092 auro
1608 4020 1663 4091 vel
1696 4039 1848 4116 urgento,

1086 4150 1182 4211 nere,
1212 4122 1323 4213 fetro,
1359 4121 1468 4212 vitro,
1496 4122 1609 4212 ebore,
1645 4121 1759 4217 ligne,
1783 4121 1849 4217 'gi-

1086 4225 1167 4321 pso,
1192 4225 1249 4294 vel
1273 4224 1384 4319 lapide
1409 4225 1536 4321 puteani
1559 4220 1704 4317 possunt,
1724 4221 1850 4308 studit·

1082 4327 1214 4421 Jiffitnut
1237 4325 1361 4417 prorsus
1386 4323 1525 4416 artifices
1548 4325 1589 4394 de
1609 4323 1679 4415 suit
1698 4321 1765 4406 fibe‘
1786 4346 1850 4415 pu-

1089 4429 1197 4500 r'euit.
1224 4431 1278 4500 Ex
1301 4423 1372 4497 hiis
1392 4423 1542 4525 aliisque
1562 4425 1734 4512 Artibus,
1762 4451 1863 4524 qua-s

1088 4556 1165 4604 rum
1186 4529 1295 4604 etiam
1317 4529 1509 4614 nonnullae
1529 4525 1752 4617 defecerunt,
1770 4527 1851 4603 nul·

1089 4635 1121 4706 la
1149 4649 1250 4720 erat,
1284 4656 1374 4727 quae
1400 4627 1657 4703 slndiosffimos
1684 4655 1724 4704 ac
1751 4628 1853 4729 inge·

1088 4734 1205 4808 niosos
1231 4732 1419 4808 admodum
1448 4729 1600 4806 artifices
1627 4758 1697 4807 non
1727 4756 1851 4806 numo

1089 4857 1202 4928 taret,
1229 4835 1281 4910 ita
1307 4855 1348 4909 nt
1374 4863 1417 4909 eo
1443 4853 1602 4935 tempore
1629 4838 1712 4907 mire
1738 4829 1865 4928 persev

1088 4940 1168 5013 risse
1195 4938 1441 5013 crederentur.
1470 4941 1548 5013 Iro
1575 4939 1637 5009 III.
1669 4934 1783 5030 Papa,
1811 4945 1853 5006 ut

1086 5039 1194 5117 habet
1218 5038 1317 5138 saepe
1344 5037 1505 5119 trudam
1522 5033 1782 5215 Anastafinsnin
1803 5034 1874 5109 il·.

1759 5161 1799 5214 ut
