4216 6014
316 337 400 441 c„
582 319 1570 442 mortuorummrnout
1745 334 1906 418 cs.

252 441 357 514 tiliter
382 472 450 516 cum
476 444 595 518 urina.
632 445 782 516 Dimittis
808 420 1023 539 resrigidarei
1052 450 1087 522 A

251 547 300 614 Et
325 546 393 637 cuse
420 544 504 640 ipsas
537 548 657 637 pelles,
688 545 771 630 sicut
795 566 904 625 utres,
941 571 1017 641 quo·
1242 545 1297 615 De
1324 540 1440 642 prima
1467 541 1589 644 pandii
1616 542 1772 621 tinfflO.

250 648 340 714 modo
364 648 508 718 diximus
533 655 572 719 de
597 650 761 720 alithina.
797 652 846 717 Et
881 646 1019 716 corlione

250 747 354 818 mittis
382 749 416 818 in
445 750 523 845 ipsos
550 772 652 830 curres,
680 748 727 827 (θ’
754 747 889 836 consrica
915 752 1015 828 bene,
1176 746 1289 817 Prima
1322 747 1440 837 pandii
1473 748 1589 820 tillio.
1628 747 1755 840 Coufiae
1790 750 1894 820 eodem

252 848 296 918 (9¹
322 850 473 948 insusflas
500 851 674 931 modicum,
709 870 746 920 ut
772 851 909 922 babeant
933 877 1016 919 ven·
1124 850 1213 916 modo
1244 848 1368 938 pelles.
1405 855 1454 919 Et
1479 851 1584 920 mittis
1611 850 1767 934 fimiliter
1793 852 1826 922 in
1854 880 1894 923 a·

119 1003 124 1009 -
249 969 336 1023 tum.
374 959 422 1022 Et
459 951 568 1042 confice
603 956 704 1040 benc,
741 954 837 1022 donec
861 950 1017 1021 combibat
1123 949 1248 1019 lumen.
1286 955 1332 1019 Et
1356 952 1424 1044 posl
1448 952 1500 1021 bec
1525 954 1635 1023 labas.
1672 954 1813 1048 Tinguis
1839 953 1893 1048 ip·

252 1052 352 1145 ipsum
377 1055 584 1123 medicamen.
612 1059 661 1123 Et
684 1052 752 1142 posi
776 1054 850 1124 baec
875 1050 1017 1141 nesundis
1118 1049 1173 1140 sas
1195 1050 1292 1146 pelles
1331 1051 1365 1120 in
1395 1053 1555 1133 Vitriolo,
1593 1054 1637 1122 (9¹
1672 1053 1766 1126 lab'as
1792 1052 1892 1129 benc.

250 1181 286 1221 ex
314 1153 410 1243 ipfis.
447 1160 494 1224 Et
521 1158 612 1223 colles
648 1154 732 1249 ipsas
764 1155 887 1249 pelles.
925 1158 1017 1224 Laba
1124 1156 1171 1220 Et
1206 1171 1361 1246 compones
1396 1155 1620 1243 bermiculum,
1652 1155 1735 1237 ficut
1764 1156 1893 1249 supra.

241 1254 341 1345 serrsel
351 1309 360 1326 .
380 1261 428 1326 Et
451 1256 553 1351 polleo
572 1256 648 1326 tolle
665 1258 704 1325 de
724 1256 870 1329 Lulacim
891 1268 925 1336 ’ζα
959 1259 1015 1326 lV.
1125 1257 1172 1321 Et
1196 1252 1372 1322 deiude'ex
1399 1240 1468 1343 ipsa
1499 1253 1584 1346 setta
1609 1254 1757 1324 callionis
1783 1257 1892 1325 mittis

245 1377 303 1452 per
325 1359 462 1446 pellem,
498 1355 546 1435 &⁹
583 1357 709 1428 urinam
744 1358 929 1451 despumato
956 1356 1017 1425 Li·
1059 1353 1087 1422 B
1125 1354 1158 1421 in
1187 1353 1251 1444 ipso
1272 1352 1389 1446 solies,
1416 1364 1460 1423 (9·
1486 1354 1627 1445 conficis,
1654 1376 1690 1423 ut
1708 1355 1894 1447 docuimus,

250 1455 322 1529 bras
352 1463 407 1530 VI.
443 1463 492 1529 Et
526 1458 680 1545 commisce
714 1456 815 1552 ipsum
850 1477 887 1526 ut
913 1457 1015 1527 Lula-
1124 1451 1172 1530 (θ’
1208 1453 1352 1543 nesundis
1387 1457 1510 1551 operari
1539 1456 1719 1552 pecorinus.
1757 1462 1806 1528 Et
1839 1458 1895 1528 la-

246 1558 333 1632 cim.
370 1558 486 1630 Mittis
521 1559 554 1628 in
583 1558 663 1648 ipsos
688 1579 788 1628 utrem
816 1556 900 1642 ficut
931 1554 1016 1649 sotto
1123 1558 1182 1627 bas
1197 1581 1213 1624 .·
1237 1554 1390 1640 desiccas.

248 1660 322 1754 lure
336 1711 346 1741 ,
383 1662 428 1730 Θ·
453 1657 576 1750 conficis
611 1663 686 1731 bene
700 1709 711 1740 ,
746 1666 841 1731 donec
870 1657 1017 1750 sumatur
1048 1687 1050 1691 ¹

249 1761 315 1852 ipse
350 1763 476 1832 humore
509 1758 732 1850 mosellanis.
769 1766 818 1831 Et
852 1759 1013 1849 refundis,
1236 1761 1290 1831 De
1317 1755 1463 1832 secunda
1492 1758 1612 1859 pandii
1638 1759 1774 1834 tifflo.

250 1863 334 1955 quod
354 1862 505 1952 superat,
532 1861 566 1931 in
591 1864 736 1955 pecorina
756 1861 844 1955 jotta
869 1864 948 1951 luza
967 1881 1013 1938 (9⁹
1146 1908 1152 1917 -
1531 1918 1533 1920 .

250 1964 397 2040 lulacin,
428 1963 511 2049 ficut
543 1964 739 2058 prediximus
779 1964 813 2032 in
847 1963 1013 2034 alithina.
1135 1965 1138 1969 ’
1175 1963 1321 2031 Secundo
1346 1961 1465 2051 paudii
1491 1961 1585 2032 tillio
1609 1963 1773 2051 operaris.
1807 1963 1894 2034 Tin·

247 2068 297 2135 Et
321 2064 404 2135 exiet
427 2065 587 2162 pecorinas
608 2065 743 2157 secundo
768 2062 962 2149 Prafinum.
1121 2089 1206 2155 (gur,
1227 2060 1310 2146 ficut
1331 2063 1548 2156 prediximus,
1571 2090 1638 2134 cum
1664 2064 1815 2135 Vitriolo.
1843 2070 1892 2134 Et

1124 2165 1216 2233 labos
1242 2164 1391 2235 utiliter.
1427 2166 1531 2233 Mitte
1556 2192 1594 2234 ex
1624 2164 1710 2257 sorta
1737 2172 1827 2258 [W
1854 2166 1892 2236 in

476 2267 603 2344 Tertio
630 2266 786 2342 tinstio.
1049 2256 1083 2335 C
1125 2263 1205 2359 ipsos
1224 2264 1345 2354 solles.
1376 2269 1425 2334 Et
1447 2263 1578 2367 confines
1599 2287 1660 2356 per
1675 2261 1747 2336 =tres
1772 2267 1868 2340 dies.

299 2473 410 2544 Tertia
436 2471 551 2543 tiuflio
576 2498 674 2542 vener
699 2472 799 2569 pelle.
836 2471 927 2542 Sicut
957 2470 1013 2563 s·
1313 2471 1370 2541 De
1395 2465 1512 2541 tertiis
1540 2466 1706 2567 pandiis.

242 2574 349 2663 petius
379 2575 541 2661 diximus,
578 2572 728 2663 confices.
769 2577 818 2643 Et
849 2574 1012 2664 poslquam
1812 2650 1817 2658 Ι

248 2673 426 2752 labantur,
462 2676 635 2741 mittuntur
670 2672 704 2739 in
740 2675 892 2748 alumen,
927 2670 1041 2768 ficut⁸
1175 2669 1304 2739 Tertius
1341 2671 1508 2765 pardius.
1548 2671 1715 2770 Tingues,
1754 2675 1800 2745 ad
1823 2699 1890 2745 nto·

246 2771 387 2842 diximus
401 2820 413 2854 ,
448 2770 495 2848 (J
530 2771 596 2866 posi
629 2770 660 2839 ei
693 2769 927 2864 cedesiipterea.
962 2774 1010 2840 Et
1122 2769 1198 2837 dum
1232 2768 1400 2851 diximus,
1438 2772 1571 2845 melino.
1624 2771 1677 2846 Ee
1709 2773 1776 2864 posi
1816 2777 1889 2848 baec

243 2871 312 2969 posi
337 2874 422 2943 tolle,
437 2873 574 2945 Lulacin
599 2871 737 2941 dimidia
760 2871 891 2960 Libra,
921 2870 1011 2939 buri·
1124 2870 1200 2937 tolle
1222 2867 1309 2961 sorta
1335 2875 1485 2951 concina,
1521 2871 1569 2952 &²
1596 2875 1704 2948 mitte.
1739 2875 1892 2968 (ousice,

248 3000 324 3044 nam
351 2976 535 3071 spumarum
570 2971 689 3043 Libras
717 2980 758 3045 X.
786 2976 835 3041 Et
860 2970 1016 3059 commisce
1119 2967 1204 3052 ficut
1240 2972 1463 3061 prediximus:
1505 2977 1640 3048 corallus
1673 2979 1778 3047 tenuis
1817 2979 1895 3050 boni

249 3074 284 3145 iu
319 3102 441 3150 unum.
479 3073 595 3145 Mittis
630 3073 663 3143 in
698 3079 776 3143 duos
810 3072 934 3161 selles:
969 3073 1012 3140 (J
1125 3070 1252 3157 coloris,
1289 3072 1418 3152 rubeis,
1461 3076 1594 3143 marinis
1610 3104 1632 3162 ,·
1670 3078 1758 3148 tritis
1785 3082 1891 3150 Libra

249 3177 355 3246 mittis
380 3178 534 3257 modicum
568 3194 719 3246 ventum.
754 3171 900 3264 Confice,
930 3171 1013 3258 ficut
1051 3171 1190 3242 D‘una
1224 3176 1326 3241 Lacca
1341 3197 1361 3257 ,·
1406 3173 1596 3265 conquilr'um
1641 3177 1745 3246 Libra
1788 3206 1855 3248 una
1869 3207 1896 3267 ,-

116 3352 121 3363 .
244 3277 391 3371 superius
424 3278 583 3350 diximus,
620 3277 684 3363 Issa
718 3296 823 3350 autem
856 3297 912 3365 per
945 3274 1013 3345 dies
1127 3273 1170 3340 (9
1195 3271 1357 3343 salsitatin
1385 3286 1421 3356 ··'.⁴
1459 3275 1564 3341 duas:
1587 3275 1680 3367 galla
1707 3287 1742 3356 ᾧ
1782 3285 1895 3353 duas.

251 3399 400 3470 quattuor
432 3381 552 3471 affidue
585 3375 735 3466 confisos.
771 3376 932 3445 Similiter
965 3374 1011 3454 do·
1127 3371 1222 3443 Trita
1247 3372 1373 3464 omnia,
1401 3374 1443 3443 Θ
1469 3375 1646 3463 commisce.
1673 3380 1720 3446 Et
1746 3383 1894 3475 decoques

246 3476 315 3571 posi
341 3500 489 3570 quattuor
513 3479 582 3548 dies
607 3477 712 3545 mittis
747 3477 782 3547 in
815 3476 1012 3571 pecorinam.
1125 3501 1191 3545 cum
1218 3473 1335 3543 busina
1360 3474 1500 3563 adsolet,
1542 3474 1592 3554 &⁴
1629 3478 1768 3547 volueris
1802 3481 1891 3571 ipsas

249 3576 480 3655 Similiter&
506 3577 591 3670 ipsas
608 3574 734 3661 confices
757 3595 814 3666 per
829 3576 901 3645 dies
918 3577 1013 3669 quin·
1123 3575 1247 3664 pelles,
1268 3573 1351 3657 ficut
1374 3577 1570 3671 prediximus
1582 3605 1604 3666 ,·
1642 3576 1689 3657 (γ’
1728 3582 1802 3650 dum
1829 3608 1891 3651 vo·

250 3697 331 3771 que,
357 3673 404 3753 &⁹
430 3677 547 3747 labes.
574 3672 727 3746 Dimittis
747 3673 886 3758 fiscane.
1125 3675 1221 3744 lucris
1248 3674 1412 3770 tinguere,
1439 3679 1542 3749 mittis
1567 3706 1605 3749 ex
1624 3680 1694 3770 ipsa
1715 3679 1820 3772 setta,
1840 3679 1890 3759 &⁹

1125 3779 1166 3846 de
1190 3777 1286 3849 urina
1311 3778 1511 3868 dispumare,
1553 3781 1596 3850 Θ
1622 3782 1725 3850 mistis
1751 3783 1786 3851 in
1809 3783 1892 3871 ipsos

474 3885 612 3979 Quarta
639 3876 796 3960 ῐίηᾶἰο»
1121 3878 1254 3968 sollem.
1281 3883 1346 3948 Sed
1369 3877 1493 3966 confices
1518 3900 1576 3967 per
1598 3882 1667 3948 dies
1691 3903 1776 3953 stes.
1814 3882 1895 3970 Pas}

1126 3979 1199 4050 baec
1223 3976 1317 4052 tabas
1342 3981 1437 4059 bene,
1462 3975 1509 4057 θ’
1535 3976 1696 4062 desiccas.

303 4090 432 4175 Quarta
457 4080 571 4151 tinslie
596 4083 734 4154 melini.
766 4081 908 4173 Conficcs
925 4081 1017 4169 frmi·
1057 4075 1086 4143 Β
1398 4069 1409 4085 ’

250 4186 327 4258 liter
361 4183 446 4277 ipsas
476 4183 581 4255 Pelles
606 4180 752 4254 alumine
777 4189 880 4252 eodem
906 4189 1017 4258 modo.
1214 4237 1219 4248 ·
1304 4186 1358 4256 De
1387 4181 1523 4256 Porfiro
1549 4181 1712 4258 melino.

252 4294 303 4361 Et
325 4287 391 4384 posi
409 4288 483 4360 baec
501 4287 621 4358 tabas.-
645 4288 686 4352 de
708 4279 775 4379 posi
800 4282 946 4355 alumen.
971 4290 1019 4355 Ec

236 4381 330 4461 ¹tolle
356 4393 474 4482 luza,
497 4388 591 4479 pisa,
618 4383 666 4464 ὅν
691 4391 837 4479 decoqucs
858 4379 935 4454 bene
954 4413 1020 4455 cum
1175 4382 1299 4471 Possim
1322 4386 1455 4457 melino.
1482 4385 1624 4478 Confices
1648 4385 1732 4481 ipset
1755 4386 1887 4470 Pelles,

249 4489 370 4560 bucina
392 4493 599 4587 dispumata.
641 4493 690 4560 Et
721 4485 885 4583 posiquam
911 4486 1021 4575 resm’c-
1124 4504 1160 4555 ut
1194 4486 1317 4582 supra.
1360 4491 1408 4557 Es
1450 4489 1540 4559 misse
1567 4491 1599 4569 in
1638 4492 1763 4559 alumen
1780 4515 1802 4573 ,·
1836 4486 1888 4566 ὡ·

249 4587 375 4657 daberis
389 4641 402 4672 ,
436 4593 540 4664 mittis
565 4591 637 4683 ipsa
666 4590 755 4683 satta
781 4591 817 4659 in
844 4586 923 4681 ipsos
954 4586 1020 4676 sol·
1123 4588 1240 4659 deinde
1277 4589 1390 4669 labes,
1430 4588 1478 4667 s&
1516 4591 1623 4684 tingue
1649 4590 1798 4658 metim
1815 4588 1891 4676 1²0ss

248 4687 320 4760 les.
357 4693 405 4755 Ee
431 4692 582 4781 conficis,
612 4690 697 4777 sicut
735 4690 932 4783 prediximus
966 4709 1024 4782 per
1125 4689 1179 4759 bec
1203 4711 1355 4776 temperas
1381 4715 1521 4778 coccum,
1562 4689 1610 4770 &¹
1638 4692 1710 4780 ipsb
1734 4712 1891 4782 tempera-

250 4792 321 4867 dies
348 4786 485 4882 quinque
510 4794 565 4860 vel
587 4791 667 4880 sex.
708 4797 758 4860 Et
790 4790 858 4884 posi
895 4792 947 4860 bec
973 4815 1021 4858 re·
1123 4789 1207 4858 tione
1233 4788 1337 4860 mistis
1373 4788 1408 4861 itt
1444 4792 1515 4888 ipsa
1535 4794 1636 4886 pelles
1660 4791 1809 4867 sindus.
1840 4797 1892 4867 Et

246 4890 363 4989 fundis
379 4918 401 4980 ,·
426 4890 469 4962 0·
495 4889 620 4983 tinguis
644 4890 836 4981 pecorinus,
860 4891 946 4972 secut
963 4892 1020 4984 su·
1124 4887 1277 4983 confisos.
1417 4952 1421 4957 .

248 4995 358 5097 ,mu
384 4995 553 5090 arctoa,
580 4992 624 5064 θ
648 4988 742 5065 usa
757 5014 775 5062 ·'
798 4989 957 5077 ΜΝ·

1744 5101 1834 5199 Ter·
