4216 6014
279 378 365 461 277
601 344 965 435 DISSERTATIO
995 343 1478 440 VrGESlMAPlllMA.
1714 353 1798 463 278

226 464 462 565 complerint.
507 465 630 560 Atque
655 465 740 540 hinc
766 468 896 543 salium
924 486 989 566 pu·
1020 475 1056 545 A
1090 491 1129 536 ro
1155 469 1352 536 Mcxxrx.
1377 470 1472 535 seara
1507 464 1674 537 Kalendas
1709 467 1853 541 Felraa-

225 582 281 658 tat
321 563 489 665 Sigonius
531 565 673 649 noller,
714 587 755 642 ut
800 569 989 644 confertim

226 664 442 748 Mutinensis
470 668 624 765 Populus
658 671 730 742 alio
757 671 800 744 ad
828 670 990 745 habitan-

145 771 153 779 “
229 767 316 842 dum
344 767 557 867 perrexerit,
584 769 618 840 &
645 770 822 844 Civitatem
841 780 991 853 Nouam,

228 893 318 966 quac
359 870 396 943 in
433 867 503 940 Via
537 869 725 962 Aemilia,
767 873 837 948 five
873 873 990 974 potius

228 971 392 1051 claudia,
419 969 524 1068 longe
550 996 571 1044 a
599 973 709 1046 aeteri
736 995 889 1073 quatuor
907 976 990 1048 mil·

230 1071 324 1146 tibus
365 1070 518 1169 palluum
572 1073 616 1144 ad
657 1076 888 1150 Occidentem
930 1074 992 1148 srtu

230 1190 339 1254 erat,¹
355 1171 520 1245 conderet
546 1192 652 1272 atque
691 1176 884 1251 incoleret.
921 1179 990 1248 Ar-

230 1291 349 1347 tamen
385 1299 428 1347 an
470 1271 555 1347 haec
590 1302 755 1374 germana
790 1276 897 1351 fuerit
924 1276 992 1348 im-

152 1411 160 1419 ·
230 1389 388 1448 mutatae
414 1372 503 1447 sedis
543 1378 682 1466 caulla,
721 1379 883 1451 dubitare
922 1402 994 1449 non
1014 1374 1055 1444 ιΒ
1095 1367 1257 1467 lingendo
1283 1365 1323 1442 &
1351 1368 1545 1468 Ughellio,
1582 1370 1691 1443 donat
1726 1369 1857 1447 Mona·
2002 1368 2006 1375 ’

231 1472 367 1550 desino.
410 1479 536 1573 Neque
571 1478 668 1550 eninr
706 1480 868 1552 Civirarie
894 1503 995 1548 navae

230 1601 312 1677 ager
341 1577 529 1650 Paludibus
556 1577 727 1655 immunis
753 1597 855 1669 erat,
882 1578 905 1651 fi
934 1604 994 1651 ve·

229 1703 269 1752 ra
296 1675 400 1766 lunt,
439 1676 529 1775 q'uae
568 1699 759 1755 occurrunt
798 1681 837 1754 in
866 1680 990 1777 Diplo-

234 1793 328 1851 mate
365 1775 493 1853 Caroli
541 1782 669 1878 Magni
706 1788 919 1856 francorum
956 1778 992 1852 &

232 1877 550 1976 Langobardorum
587 1882 693 1980 Regis
733 1909 796 1981 pro
822 1880 997 1979 Episcopo

233 1975 422 2078 Regieoli,
464 1980 563 2075 cujus
602 2007 749 2055 examen
786 1980 922 2055 institui
959 1979 996 2053 in

233 2079 415 2153 Dillertar.
451 2084 600 2154 XXXV.
627 2084 669 2153 dr
692 2083 847 2180 sigillis.
876 2079 998 2156 Nimi-

1091 566 1161 646 rii,
1187 564 1364 636 lalllliaaa
1390 571 1464 637 Vll.
1492 565 1559 638 Uti
1586 564 1666 641 illic
1703 568 1855 668 legitur,

1091 672 1234 739 Demeas
1260 666 1351 736 Dodo
1364 664 1478 759 grarr‘al
1498 667 1562 736 Dei
1580 667 1752 765 Episcopus
1773 676 1856 740 Mer·

1091 765 1222 852 tirrenfis
1246 763 1638 861 concedit*eaphyrcerico
1652 769 1727 862 jure
1741 797 1789 842 res
1814 775 1856 842 il-

1091 869 1142 939 las
1166 867 1357 955 territoriis,
1383 864 1432 946 (γ’
1456 866 1622 955 vineatis,
1649 871 1693 937 (r
1716 872 1858 962 Basaali.

1091 993 1153 1040 vas
1179 964 1226 1044 (ῥ’
1252 965 1437 1038 Palaalaar
1457 964 1544 1059 juris
1570 967 1704 1049 Ecclesia
1738 976 1774 1042 S.
1794 979 1858 1044 Ga.

1092 1067 1232 1140 miniani
1256 1067 1292 1138 ire
1317 1068 1379 1138 loce
1413 1065 1594 1140 Abarara.
1632 1070 1687 1140 lta
1726 1069 1860 1158 Johan-

1093 1195 1153 1242 nee
1179 1165 1372 1268 Episcopus
1398 1164 1611 1240 Mutinenie
1647 1167 1685 1241 in
1720 1167 1858 1245 Charta

1095 1269 1195 1342 Aoni
1232 1270 1575 1343 uccccxcvut.
1603 1269 1747 1343 editae
1788 1274 1859 1369 sil-

1096 1469 1172 1542 clris
1199 1466 1460 1543 Mutioeosrbue
1487 1470 1606 1544 saneti
1648 1472 1744 1546 Petri
1781 1479 1858 1546 Ma·

1096 1573 1262 1642 lendrnrrrre
1287 1595 1383 1638 unere
1412 1571 1514 1661 supra
1547 1572 1724 1644 clairaraa
1750 1579 1860 1647 Mari·

1097 1696 1198 1762 eram,
1233 1672 1269 1740 ira
1303 1671 1388 1758 laer,
1422 1671 1479 1766 qai
1511 1671 1631 1742 dicitur
1671 1676 1860 1756 cavallana,

1097 1799 1165 1843 cum
1190 1773 1292 1842 decem
1314 1769 1484 1866 jugeribus
1508 1774 1548 1843 rle
1573 1793 1657 1843 terra
1686 1775 1769 1846 iarer
1794 1784 1857 1848 Pa·
1974 1832 1978 1839 .

1098 1874 1188 1942 ludes
1228 1869 1276 1950 (a
1313 1873 1450 1945 silvas.
1495 1875 1606 1946 Anno
1633 1899 1773 1972 quoque
1799 1879 1861 1949 M-

1102 1975 1233 2048 XXVI.
1274 1971 1458 2047 Corradus
1504 1977 1746 2049 Romanorum
1784 1979 1859 2050 Rex

1099 2072 1161 2146 suo
1187 2072 1395 2172 Diplomate
1421 2073 1608 2148 confirmat
1634 2075 1783 2150 Warioo
1811 2082 1860 2151 E-

233 2204 313 2255 rum
341 2178 393 2253 ibi
420 2182 607 2280 leguntur:
650 2187 788 2280 indeque
818 2205 876 2279 par
901 2190 995 2255 Cam·
1100 2173 1242 2274 piscopo
1269 2172 1463 2246 Mutinensr
1490 2178 1668 2248 Civirarear
1694 2180 1863 2253 Mutinam

229 2302 309 2377 praa
334 2280 510 2352 Milariuaa
533 2286 579 2353 ad
605 2285 900 2373 ‘septentrionalem
923 2286 998 2380 pla.
1030 2266 1066 2344 C
1099 2305 1120 2347 a
1146 2277 1249 2348 rrr'lrrt
1273 2275 1453 2347 miliaribus
1481 2276 1515 2347 ira
1550 2279 1701 2360 circuire,
1743 2306 1863 2355 omrem

228 2408 331 2479 gam,
378 2402 435 2472 per
468 2385 611 2455 Paludes
658 2385 819 2457 Civitatis
857 2391 997 2473 Navae,

203 2557 207 2565 ,
234 2482 330 2578 arsque
353 2489 520 2564 stratam,
560 2513 596 2557 ae
633 2487 748 2558 deinde
787 2488 821 2557 iu
847 2494 994 2582 Aquam-

237 2583 393 2679 longara,
419 2586 514 2680 alque
538 2589 614 2656 duur
637 2589 781 2659 venitin
802 2587 998 2658 Barianam.

237 2683 325 2757 Veri
366 2683 458 2758 milri
500 2684 642 2761 videtur
680 2686 853 2778 fimilius,
880 2689 997 2761 locum

234 2783 341 2858 illum
379 2786 450 2858 coli
487 2786 652 2883 coeptum
695 2786 999 2863 aMutiocosrbus

237 2909 282 2960 ex
311 2905 496 2986 praecepto
532 2889 747 2988 Liutprandi
787 2890 915 2990 Regis,
961 2908 1000 2960 ur

233 2985 328 3062 infra
349 2986 547 3062 ostendam:
593 2991 771 3064 raesertim
795 3016 904 3088 quum
922 3015 1002 3088 ager
1042 3068 1044 3071 ,

237 3086 452 3162 Mutinensis
479 3089 521 3162 ad
559 3016 645 3165 inas
683 3089 955 3166 Bononienfium
983 3115 1002 3161 e

1098 2375 1298 2466 dillrr'llrrrrr,
1345 2377 1389 2446 δ’
1413 2378 1595 2459 Placitum,
1634 2380 1680 2448 (9·
1713 2381 1864 2478 quicquid

1100 2475 1186 2548 inibi
1216 2475 1291 2570 iare
1325 2476 1489 2572 Episcopii
1509 2479 1648 2575 perriaar
1662 2489 1685 2569 ,'
1712 2483 1864 2554 uidelicet

1102 2580 1259 2668 Palaaaa,
1285 2579 1427 2658 Silvas,
1452 2585 1597 2674 Aquas,
1632 2589 1863 2679 aquarumque

1097 2677 1233 2768 dulles,
1259 2705 1339 2775 quae
1352 2680 1431 2769 ferar
1446 2678 1565 2774 positae
1583 2682 1685 2775 juata
1708 2685 1791 2754 idern
1812 2689 1863 2756 Ε-

1098 2780 1296 2874 piscopium.
1337 2778 1402 2852 Sed
1438 2777 1560 2853 seniim
1585 2807 1627 2856 ea
1653 2784 1732 2858 loca
1759 2783 1864 2860 indu·

1100 2878 1178 2952 uria
1213 2877 1400 2952 hominum
1439 2882 1559 2954 excoli
1606 2904 1731 2983 coepta
1758 2885 1863 2969 lunt,

1101 2981 1304 3076 multaeque
1338 2979 1463 3054 domus
1512 2983 1586 3057 ruri
1631 2983 1862 3065 aedificatae.

1102 3084 1144 3153 In
1170 3076 1414 3176 antiquiffimo
1452 3085 1595 3156 statuto
1635 3086 1743 3158 MSto
1781 3088 1865 3161 Rei-

235 3185 409 3262 diuturno
436 3190 531 3263 bello
558 3190 653 3264 inter
679 3197 832 3265 Graecos
851 3194 886 3264 tc
905 3194 1001 3265 Lan·
1039 3178 1069 3245 D
1103 3181 1265 3277 publicae
1290 3177 1505 3255 Mucincnlis
1530 3182 1613 3257 Lib.
1635 3206 1670 3257 ι.
1689 3182 1781 3284 Cap.
1804 3191 1865 3282 ςό.

237 3288 411 3385 gpbardos
438 3289 582 3360 attritus
602 3292 756 3362 nimium
777 3291 889 3364 foret.
917 3293 1001 3362 Por·

241 3411 283 3459 to
308 3383 487 3459 Civitatis
515 3385 617 3487 hujus
645 3393 797 3483 Novae,
824 3415 914 3488 quae
939 3396 1002 3461 Ge·

238 3485 388 3556 ariniara
413 3511 553 3587 quoque
578 3488 712 3564 dicitur
737 3491 774 3564 in
815 3491 1001 3589 Diploma-

239 3601 277 3658 te
318 3586 501 3663 Ludovici
544 3589 601 3663 Pii
640 3592 818 3690 Augusti,
860 3590 1002 3665 illustris

238 3692 380 3760 mentio
405 3687 452 3760 est
478 3687 515 3763 in
543 3689 722 3787 postremis
757 3690 883 3767 Caroli
920 3696 1002 3765 Ma-

237 3785 300 3887 gni
328 3787 459 3862 tabulis
485 3791 575 3890 apud
597 3791 810 3876 Baluzium,
836 3812 943 3889 atque
962 3792 1000 3866 in

238 3886 320 3962 aliis
347 3890 588 3965 monumentis
614 3893 787 3968 Ecclesrae
812 3896 1002 3968 Mutinen-

1102 3278 1331 3354 constitutum
1358 3278 1453 3354 luit:
1498 3289 1541 3356 Ur
1564 3283 1746 3382 quicumque
1771 3293 1866 3361 balet

1102 3403 1218 3453 terram
1238 3379 1337 3474 juxta
1361 3387 1505 3455 Stratarrr
1530 3387 1706 3458 Claudiam
1742 3388 1864 3487 (quae

1101 3481 1251 3555 Aemilia
1274 3481 1365 3555 olim
1392 3484 1568 3581 appellata
1593 3486 1779 3589 creditur)
1812 3492 1888 3577 irr-¹

1101 3603 1150 3653 ter
1173 3579 1327 3653 laelium
1352 3588 1550 3656 Leoeardarrr
1576 3584 1624 3665 (y
1646 3589 1865 3674 ciranivam,

1103 3687 1148 3754 ad
1172 3682 1278 3755 minas
1302 3682 1371 3756 alla
1410 3683 1629 3778 lib-leam,
1673 3689 1721 3762 ibi
1754 3695 1866 3765 debeat

1099 3784 1202 3876 facere
1227 3803 1324 3856 ueram
1348 3787 1473 3856 domam
1498 3814 1577 3883 quae
1600 3791 1712 3863 valeat
1737 3800 1782 3865 ad
1803 3796 1866 3866 rrrr'·

1103 3910 1164 3957 nur
1191 3884 1249 3976 sere
1282 3885 1400 3959 Libras
1434 3889 1667 3981 Mutinensee;
1712 3891 1762 3972 ό»
1797 3921 1866 3970 eane

238 3987 282 4062 fis
307 4015 328 4062 a
353 3980 569 4090 Sillingardo
595 3990 635 4068 δι
662 3994 838 4095 Ughellio
868 3995 1001 4070 editis.
1103 3986 1279 4063 habitare.
1323 3987 1379 4056 vti
1425 3987 1569 4062 habitari
1611 3991 1735 4081 facere·
1780 4001 1866 4090 Quo

238 4089 307 4165 sed
332 4089 490 4165 restituti
515 4090 683 4169 civitate
721 4095 861 4186 veteri,
910 4121 1002 4167 nova
1043 4073 1073 4144 Ε
1106 4084 1304 4161 ascenderet
1340 4088 1506 4185 pecuniae
1552 4089 1765 4167 Mutinensrs
1801 4097 1868 4170 Li-

237 4188 382 4292 penitus
407 4191 544 4266 sublata
570 4194 639 4276 cst,
664 4222 735 4269 uno
762 4195 861 4269 illius
886 4195 1003 4269 nomi-

231 4317 308 4382 πο,
335 4318 477 4393 unoque
503 4298 660 4396 Templo
686 4300 723 4372 io
751 4324 791 4370 ea
817 4297 918 4370 Villa
949 4295 1003 4370 su-

241 4392 410 4492 perstite.
455 4394 608 4471 Proinde
648 4399 686 4472 in
730 4395 879 4472 Chattis
918 4397 1004 4471 berre

233 4494 367 4569 multis
410 4497 673 4573 Mutinenfibus
719 4497 886 4573 Paludosa
928 4500 1004 4572 loca

241 4610 304 4666 aut
345 4600 501 4673 Nemora
535 4617 858 4675 commemorantur
895 4599 1003 4673 etiam

242 4695 370 4769 Seculo
406 4701 487 4773 XII.
511 4701 607 4799 quod
646 4728 718 4776 uno
753 4703 918 4800 exemplo
944 4727 1005 4799 pa-

243 4791 409 4868 tefaciam
427 4851 439 4887 ,
455 4799 623 4875 'desumto
648 4830 668 4876 e
694 4829 737 4904 pc
779 4827 902 4877 amena
927 4801 1005 4875 cxi-

242 4893 355 4968 liente
403 4896 442 4970 in
495 4903 691 4977 Tabulario
773 4905 1002 4979 aoooicorum

241 4994 523 5073 Mutinensrum.
559 5004 693 5101 Scripta
719 5003 803 5078 haec
830 5003 901 5079 fuit
925 5011 1033 5086 Aa,

1110 4188 1190 4267 bra,
1217 4186 1394 4261 aestimare
1419 4186 1503 4264 binc
1531 4190 1655 4289 pollis.

1162 4285 1237 4362 Nisr
1264 4286 1410 4386 antiqua
1437 4291 1706 4365 Bononiensrum
1741 4319 1868 4370 monte-

1109 4408 1228 4463 menta
1256 4390 1388 4486 jamdiu
1415 4391 1643 4481 excidissent,
1679 4397 1779 4469 nullo
1808 4424 1868 4471 oe·

1109 4491 1239 4589 gotio,
1276 4510 1316 4563 ut
1350 4489 1530 4579 arbitror,
1565 4491 1868 4592 dignosceremus,

1111 4615 1233 4665 corum
1260 4616 1382 4688 agros,
1408 4590 1445 4662 io
1472 4590 1634 4666 inferiori
1660 4593 1880 4676 Comitatus.

1111 4710 1208 4793 parte
1234 4715 1327 4765 nunc
1353 4689 1429 4793 dire
1453 4718 1473 4766 a
1499 4691 1741 4794 stagnantibus
1770 4703 1869 4802 aquit

1109 4793 1307 4970 opprellpp,
1347 4792 1489 4971 popli-opi
1528 4794 1634 4992 iim
1672 4802 1870 4919 antiquitus

1112 4922 1190 4969 uos
1216 4921 1266 4970 mr
1294 4921 1342 4970 ιω
1407 4922 1444 4970 ur
1472 4923 1511 4972 e.
1579 4925 1660 4974 uum
1680 4928 1774 4975 emm
1796 4926 1871 4974 am—

1108 4993 1275 5096 pliisrmie
1326 4998 1514 5072 Paludibue
1561 4999 1740 5075 inferioris
1787 5000 1871 5076 Padi

1066 5152 1070 5158 -
1155 5101 1226 5168 32
1745 5123 1824 5181 Μή
1928 5108 1954 5147 ”
