<?xml version="1.0" encoding="UTF-8"?>
<!DOCTYPE html PUBLIC "-//W3C//DTD XHTML 1.0 Transitional//EN"
    "http://www.w3.org/TR/xhtml1/DTD/xhtml1-transitional.dtd">
<html xmlns="http://www.w3.org/1999/xhtml" xml:lang="en" lang="en">
 <head>
  <title>
</title>
<meta http-equiv="Content-Type" content="text/html;charset=utf-8" />
  <meta name='ocr-system' content='tesseract 3.04.00' />
  <meta name='ocr-capabilities' content='ocr_page ocr_carea ocr_par ocr_line ocrx_word'/>
</head>
<body>
  <div class='ocr_page' id='page_1' title='image "./antiquitatesita01muragoog_0117.png"; bbox 0 0 4216 6014; ppageno 0'>
   <div class='ocr_carea' id='block_1_1' title="bbox 226 333 1871 560">
    <p class='ocr_par' dir='ltr' id='par_1_1' title="bbox 226 333 1871 560">
     <span class='ocr_line' id='line_1_1' title="bbox 289 333 1807 460; baseline 0.002 -34"><span class='ocrx_word' id='word_1_1' title='bbox 289 370 374 453; x_wconf 84' lang='lat'><em>207</em></span> <span class='ocrx_word' id='word_1_2' title='bbox 583 333 1518 460; x_wconf 56' lang='lat' dir='ltr'><em>uurrgurrmmrrauur</em></span> <span class='ocrx_word' id='word_1_3' title='bbox 1716 338 1807 431; x_wconf 69' lang='lat' dir='ltr'><em>eoa</em></span> 
     </span>
     <span class='ocr_line' id='line_1_2' title="bbox 226 454 1871 560; baseline 0.004 -35"><span class='ocrx_word' id='word_1_4' title='bbox 226 455 448 546; x_wconf 84' lang='lat' dir='ltr'><em>deceruimus,</em></span> <span class='ocrx_word' id='word_1_5' title='bbox 485 474 523 526; x_wconf 89' lang='lat' dir='ltr'><em>ut</em></span> <span class='ocrx_word' id='word_1_6' title='bbox 557 457 628 528; x_wconf 80' lang='lat' dir='ltr'><em>alil</em></span> <span class='ocrx_word' id='word_1_7' title='bbox 668 459 722 535; x_wconf 82' lang='lat' dir='ltr'><em>die</em></span> <span class='ocrx_word' id='word_1_8' title='bbox 746 481 822 532; x_wconf 83' lang='lat' dir='ltr'><em>aure</em></span> <span class='ocrx_word' id='word_1_9' title='bbox 846 478 992 550; x_wconf 84' lang='lat' dir='ltr'><em>parentet</em></span> <span class='ocrx_word' id='word_1_10' title='bbox 1028 460 1065 533; x_wconf 81' lang='lat' dir='ltr'>A</span> <span class='ocrx_word' id='word_1_11' title='bbox 1104 462 1276 532; x_wconf 79' lang='lat' dir='ltr'><em>Lemouicl</em></span> <span class='ocrx_word' id='word_1_12' title='bbox 1315 456 1399 538; x_wconf 53' lang='grc' dir='ltr'><em>ὡς..</em></span> <span class='ocrx_word' id='word_1_13' title='bbox 1413 486 1493 560; x_wconf 75' lang='lat' dir='ltr'><em>quat</em></span> <span class='ocrx_word' id='word_1_14' title='bbox 1528 454 1766 551; x_wconf 77' lang='lat' dir='ltr'><em>Gallesuirrlum</em></span> <span class='ocrx_word' id='word_1_15' title='bbox 1788 478 1871 556; x_wconf 81' lang='lat' dir='ltr'><em>ger·</em></span> 
     </span>
    </p>
   </div>
   <div class='ocr_carea' id='block_1_2' title="bbox 224 556 992 1367">
    <p class='ocr_par' dir='ltr' id='par_1_2' title="bbox 224 556 992 1367">
     <span class='ocr_line' id='line_1_3' title="bbox 227 556 992 653; baseline 0.013 -28"><span class='ocrx_word' id='word_1_16' title='bbox 227 559 272 625; x_wconf 65' lang='grc' dir='ltr'><em>Θ</em></span> <span class='ocrx_word' id='word_1_17' title='bbox 296 558 409 630; x_wconf 79' lang='lat' dir='ltr'><em>amicat</em></span> <span class='ocrx_word' id='word_1_18' title='bbox 428 556 503 649; x_wconf 79' lang='lat' dir='ltr'><em>suut</em></span> <span class='ocrx_word' id='word_1_19' title='bbox 527 559 669 644; x_wconf 79' lang='lat' dir='ltr'><em>ellendut</em></span> <span class='ocrx_word' id='word_1_20' title='bbox 699 582 757 652; x_wconf 87' lang='lat' dir='ltr'><em>per</em></span> <span class='ocrx_word' id='word_1_21' title='bbox 790 563 945 653; x_wconf 78' lang='lat' dir='ltr'><em>seriptum</em></span> <span class='ocrx_word' id='word_1_22' title='bbox 969 590 992 635; x_wconf 80' lang='lat' dir='ltr'><em>a</em></span> 
     </span>
     <span class='ocr_line' id='line_1_4' title="bbox 225 658 990 758; baseline 0.007 -30"><span class='ocrx_word' id='word_1_23' title='bbox 225 658 354 744; x_wconf 79' lang='lat' dir='ltr'><em>tellibur</em></span> <span class='ocrx_word' id='word_1_24' title='bbox 379 658 577 748; x_wconf 83' lang='lat' dir='ltr'><em>roboratum,</em></span> <span class='ocrx_word' id='word_1_25' title='bbox 604 660 653 739; x_wconf 51' lang='grc' dir='ltr'><em>ἄν»</em></span> <span class='ocrx_word' id='word_1_26' title='bbox 676 664 789 734; x_wconf 79' lang='lat' dir='ltr'><em>dicut:</em></span> <span class='ocrx_word' id='word_1_27' title='bbox 814 664 905 758; x_wconf 72' lang='lat' dir='ltr'><em>Quia</em></span> <span class='ocrx_word' id='word_1_28' title='bbox 929 689 990 734; x_wconf 83' lang='lat' dir='ltr'><em>ecce</em></span> 
     </span>
     <span class='ocr_line' id='line_1_5' title="bbox 225 758 989 860; baseline 0.005 -31"><span class='ocrx_word' id='word_1_29' title='bbox 225 768 310 854; x_wconf 83' lang='lat' dir='ltr'><em>quod</em></span> <span class='ocrx_word' id='word_1_30' title='bbox 333 758 475 856; x_wconf 66' lang='lat' dir='ltr'><em>Coniugi</em></span> <span class='ocrx_word' id='word_1_31' title='bbox 499 788 584 833; x_wconf 85' lang='lat' dir='ltr'><em>meae</em></span> <span class='ocrx_word' id='word_1_32' title='bbox 609 763 802 860; x_wconf 83' lang='lat' dir='ltr'><em>Mergirtcap</em></span> <span class='ocrx_word' id='word_1_33' title='bbox 828 767 989 836; x_wconf 72' lang='lat' dir='ltr'><em>deditur</em></span> 
     </span>
     <span class='ocr_line' id='line_1_6' title="bbox 225 859 988 963; baseline 0.004 -32"><span class='ocrx_word' id='word_1_34' title='bbox 225 859 261 931; x_wconf 92' lang='lat' dir='ltr'><em>irt</em></span> <span class='ocrx_word' id='word_1_35' title='bbox 283 862 393 951; x_wconf 72' lang='lat' dir='ltr'><em>futuru</em></span> <span class='ocrx_word' id='word_1_36' title='bbox 432 883 489 952; x_wconf 87' lang='lat' dir='ltr'><em>pru</em></span> <span class='ocrx_word' id='word_1_37' title='bbox 528 864 586 932; x_wconf 86' lang='lat' dir='ltr'><em>hac</em></span> <span class='ocrx_word' id='word_1_38' title='bbox 610 865 703 957; x_wconf 80' lang='lat' dir='ltr'><em>rausa</em></span> <span class='ocrx_word' id='word_1_39' title='bbox 725 865 901 963; x_wconf 73' lang='lat' dir='ltr'><em>perjurium</em></span> <span class='ocrx_word' id='word_1_40' title='bbox 926 892 988 936; x_wconf 87' lang='lat' dir='ltr'><em>uort</em></span> 
     </span>
     <span class='ocr_line' id='line_1_7' title="bbox 224 959 988 1065; baseline 0.007 -33"><span class='ocrx_word' id='word_1_41' title='bbox 224 959 386 1034; x_wconf 84' lang='lat' dir='ltr'><em>incurrat.</em></span> <span class='ocrx_word' id='word_1_42' title='bbox 427 971 547 1035; x_wconf 84' lang='lat' dir='ltr'><em>Tamtu</em></span> <span class='ocrx_word' id='word_1_43' title='bbox 584 963 686 1056; x_wconf 80' lang='lat' dir='ltr'><em>ipsum</em></span> <span class='ocrx_word' id='word_1_44' title='bbox 713 969 904 1065; x_wconf 85' lang='lat' dir='ltr'><em>Murgittcap</em></span> <span class='ocrx_word' id='word_1_45' title='bbox 928 993 988 1038; x_wconf 85' lang='lat' dir='ltr'><em>vo·</em></span> 
     </span>
     <span class='ocr_line' id='line_1_8' title="bbox 224 1064 988 1165; baseline 0.001 -26"><span class='ocrx_word' id='word_1_46' title='bbox 224 1069 355 1152; x_wconf 88' lang='lat' dir='ltr'><em>lumut,</em></span> <span class='ocrx_word' id='word_1_47' title='bbox 383 1084 418 1134; x_wconf 89' lang='lat' dir='ltr'><em>ut</em></span> <span class='ocrx_word' id='word_1_48' title='bbox 445 1092 505 1135; x_wconf 87' lang='lat' dir='ltr'><em>uutt</em></span> <span class='ocrx_word' id='word_1_49' title='bbox 525 1064 573 1151; x_wconf 79' lang='lat' dir='ltr'><em>fit</em></span> <span class='ocrx_word' id='word_1_50' title='bbox 598 1069 763 1161; x_wconf 87' lang='lat' dir='ltr'><em>amplius,</em></span> <span class='ocrx_word' id='word_1_51' title='bbox 805 1069 868 1154; x_wconf 85' lang='lat' dir='ltr'><em>uisi</em></span> <span class='ocrx_word' id='word_1_52' title='bbox 892 1092 988 1165; x_wconf 83' lang='lat' dir='ltr'><em>quar·</em></span> 
     </span>
     <span class='ocr_line' id='line_1_9' title="bbox 224 1165 989 1267; baseline 0.001 -27"><span class='ocrx_word' id='word_1_53' title='bbox 224 1188 261 1240; x_wconf 80' lang='lat' dir='ltr'><em>tet</em></span> <span class='ocrx_word' id='word_1_54' title='bbox 285 1186 361 1256; x_wconf 86' lang='lat' dir='ltr'><em>puts</em></span> <span class='ocrx_word' id='word_1_55' title='bbox 385 1168 424 1236; x_wconf 80' lang='lat' dir='ltr'><em>de</em></span> <span class='ocrx_word' id='word_1_56' title='bbox 450 1165 519 1255; x_wconf 80' lang='lat' dir='ltr'><em>ejus</em></span> <span class='ocrx_word' id='word_1_57' title='bbox 551 1168 766 1260; x_wconf 75' lang='lat' dir='ltr'><em>stillantia,</em></span> <span class='ocrx_word' id='word_1_58' title='bbox 806 1170 862 1267; x_wconf 87' lang='lat' dir='ltr'><em>qui</em></span> <span class='ocrx_word' id='word_1_59' title='bbox 888 1172 989 1264; x_wconf 81' lang='lat' dir='ltr'><em>ipsum</em></span> 
     </span>
     <span class='ocr_line' id='line_1_10' title="bbox 224 1269 988 1367; baseline 0.004 -27"><span class='ocrx_word' id='word_1_60' title='bbox 224 1269 419 1363; x_wconf 83' lang='lat' dir='ltr'><em>Murgincap</em></span> <span class='ocrx_word' id='word_1_61' title='bbox 443 1269 553 1340; x_wconf 82' lang='lat' dir='ltr'><em>dedit.</em></span> <span class='ocrx_word' id='word_1_62' title='bbox 579 1270 620 1340; x_wconf 82' lang='lat' dir='ltr'><em>Si</em></span> <span class='ocrx_word' id='word_1_63' title='bbox 644 1274 770 1367; x_wconf 85' lang='lat' dir='ltr'><em>quidem</em></span> <span class='ocrx_word' id='word_1_64' title='bbox 795 1275 901 1343; x_wconf 85' lang='lat' dir='ltr'><em>mittut</em></span> <span class='ocrx_word' id='word_1_65' title='bbox 926 1280 988 1343; x_wconf 85' lang='lat' dir='ltr'><em>ela·</em></span> 
     </span>
    </p>
   </div>
   <div class='ocr_carea' id='block_1_3' title="bbox 1099 558 1872 1367">
    <p class='ocr_par' dir='ltr' id='par_1_3' title="bbox 1099 558 1872 1367">
     <span class='ocr_line' id='line_1_11' title="bbox 1102 558 1872 653; baseline -0.001 -21"><span class='ocrx_word' id='word_1_66' title='bbox 1102 589 1230 634; x_wconf 82' lang='lat' dir='ltr'><em>martem</em></span> <span class='ocrx_word' id='word_1_67' title='bbox 1269 566 1412 636; x_wconf 79' lang='lat' dir='ltr'><em>Dammae</em></span> <span class='ocrx_word' id='word_1_68' title='bbox 1452 561 1676 653; x_wconf 80' lang='lat' dir='ltr'><em>Brunicbildit</em></span> <span class='ocrx_word' id='word_1_69' title='bbox 1717 558 1785 633; x_wconf 70' lang='lat' dir='ltr'><em>tum</em></span> <span class='ocrx_word' id='word_1_70' title='bbox 1828 558 1872 632; x_wconf 74' lang='lat' dir='ltr'><em>ira</em></span> 
     </span>
     <span class='ocr_line' id='line_1_12' title="bbox 1102 658 1869 762; baseline -0.007 -26"><span class='ocrx_word' id='word_1_71' title='bbox 1102 669 1185 736; x_wconf 83' lang='lat' dir='ltr'><em>Dure</em></span> <span class='ocrx_word' id='word_1_72' title='bbox 1219 668 1314 760; x_wconf 69' lang='lat' dir='ltr'><em>quim</em></span> <span class='ocrx_word' id='word_1_73' title='bbox 1349 665 1383 735; x_wconf 89' lang='lat' dir='ltr'><em>itt</em></span> <span class='ocrx_word' id='word_1_74' title='bbox 1421 663 1680 762; x_wconf 63' lang='lat' dir='ltr'><em>Murgauegiba,</em></span> <span class='ocrx_word' id='word_1_75' title='bbox 1721 668 1774 732; x_wconf 78' lang='lat' dir='ltr'><em>buc</em></span> <span class='ocrx_word' id='word_1_76' title='bbox 1799 658 1869 750; x_wconf 67' lang='lat' dir='ltr'><em>eli,</em></span> 
     </span>
     <span class='ocr_line' id='line_1_13' title="bbox 1101 761 1867 863; baseline 0.003 -28"><span class='ocrx_word' id='word_1_77' title='bbox 1101 767 1289 837; x_wconf 74' lang='lat' dir='ltr'><em>matutinali</em></span> <span class='ocrx_word' id='word_1_78' title='bbox 1313 769 1393 838; x_wconf 86' lang='lat' dir='ltr'><em>dotto</em></span> <span class='ocrx_word' id='word_1_79' title='bbox 1419 769 1434 863; x_wconf 86' lang='grc'>(</span> <span class='ocrx_word' id='word_1_80' title='bbox 1455 765 1593 840; x_wconf 85' lang='lat' dir='ltr'><em>fortalle</em></span> <span class='ocrx_word' id='word_1_81' title='bbox 1611 761 1791 838; x_wconf 83' lang='lat' dir='ltr'><em>Gloffema</em></span> <span class='ocrx_word' id='word_1_82' title='bbox 1809 788 1867 837; x_wconf 90' lang='lat' dir='ltr'><em>re-</em></span> 
     </span>
     <span class='ocr_line' id='line_1_14' title="bbox 1101 864 1865 968; baseline -0.004 -29"><span class='ocrx_word' id='word_1_83' title='bbox 1101 864 1218 940; x_wconf 83' lang='lat' dir='ltr'><em>ferunt</em></span> <span class='ocrx_word' id='word_1_84' title='bbox 1244 866 1328 942; x_wconf 88' lang='lat' dir='ltr'><em>haec</em></span> <span class='ocrx_word' id='word_1_85' title='bbox 1356 869 1495 968; x_wconf 77' lang='lat' dir='ltr'><em>verba)</em></span> <span class='ocrx_word' id='word_1_86' title='bbox 1536 868 1571 938; x_wconf 88' lang='lat' dir='ltr'><em>iu</em></span> <span class='ocrx_word' id='word_1_87' title='bbox 1607 866 1780 938; x_wconf 73' lang='lat' dir='ltr'><em>franciam</em></span> <span class='ocrx_word' id='word_1_88' title='bbox 1805 890 1865 936; x_wconf 83' lang='lat' dir='ltr'><em>ve·</em></span> 
     </span>
     <span class='ocr_line' id='line_1_15' title="bbox 1100 964 1863 1067; baseline -0.003 -29"><span class='ocrx_word' id='word_1_89' title='bbox 1100 969 1237 1039; x_wconf 82' lang='lat' dir='ltr'><em>trientem</em></span> <span class='ocrx_word' id='word_1_90' title='bbox 1262 989 1376 1040; x_wconf 87' lang='lat' dir='ltr'><em>eertum</em></span> <span class='ocrx_word' id='word_1_91' title='bbox 1401 969 1444 1056; x_wconf 76' lang='lat' dir='ltr'><em>eli</em></span> <span class='ocrx_word' id='word_1_92' title='bbox 1468 964 1653 1067; x_wconf 70' lang='lat' dir='ltr'><em>adquififft.</em></span> <span class='ocrx_word' id='word_1_93' title='bbox 1695 964 1863 1041; x_wconf 79' lang='lat' dir='ltr'><em>Baluziua</em></span> 
     </span>
     <span class='ocr_line' id='line_1_16' title="bbox 1100 1065 1864 1170; baseline -0.005 -28"><span class='ocrx_word' id='word_1_94' title='bbox 1100 1086 1219 1143; x_wconf 88' lang='lat' dir='ltr'><em>autem</em></span> <span class='ocrx_word' id='word_1_95' title='bbox 1246 1066 1400 1144; x_wconf 78' lang='lat' dir='ltr'><em>Chartae</em></span> <span class='ocrx_word' id='word_1_96' title='bbox 1428 1070 1616 1170; x_wconf 83' lang='lat' dir='ltr'>producit,</span> <span class='ocrx_word' id='word_1_97' title='bbox 1656 1065 1696 1141; x_wconf 92' lang='lat' dir='ltr'><em>in</em></span> <span class='ocrx_word' id='word_1_98' title='bbox 1733 1068 1864 1166; x_wconf 79' lang='lat' dir='ltr'><em>quibua</em></span> 
     </span>
     <span class='ocr_line' id='line_1_17' title="bbox 1100 1169 1865 1269; baseline 0.001 -28"><span class='ocrx_word' id='word_1_99' title='bbox 1100 1169 1170 1244; x_wconf 86' lang='lat' dir='ltr'><em>viri</em></span> <span class='ocrx_word' id='word_1_100' title='bbox 1206 1169 1339 1245; x_wconf 87' lang='lat' dir='ltr'><em>donant</em></span> <span class='ocrx_word' id='word_1_101' title='bbox 1365 1197 1510 1269; x_wconf 85' lang='lat' dir='ltr'><em>quartam</em></span> <span class='ocrx_word' id='word_1_102' title='bbox 1538 1170 1710 1269; x_wconf 77' lang='lat' dir='ltr'><em>portionem</em></span> <span class='ocrx_word' id='word_1_103' title='bbox 1751 1170 1865 1243; x_wconf 62' lang='lat' dir='ltr'><em>boam</em></span> 
     </span>
     <span class='ocr_line' id='line_1_18' title="bbox 1099 1270 1863 1367; baseline -0.003 -22"><span class='ocrx_word' id='word_1_104' title='bbox 1099 1297 1176 1346; x_wconf 87' lang='lat' dir='ltr'><em>runt</em></span> <span class='ocrx_word' id='word_1_105' title='bbox 1215 1272 1353 1346; x_wconf 88' lang='lat' dir='ltr'><em>luorum</em></span> <span class='ocrx_word' id='word_1_106' title='bbox 1400 1274 1531 1346; x_wconf 69' lang='lat' dir='ltr'><em>ailellae</em></span> <span class='ocrx_word' id='word_1_107' title='bbox 1576 1272 1717 1367; x_wconf 73' lang='lat' dir='ltr'><em>Coniugi</em></span> <span class='ocrx_word' id='word_1_108' title='bbox 1755 1270 1831 1362; x_wconf 76' lang='lat' dir='ltr'><em>[ttae</em></span> <span class='ocrx_word' id='word_1_109' title='bbox 1840 1296 1863 1358; x_wconf 86' lang='lat'><em>,·</em></span> 
     </span>
    </p>
   </div>
   <div class='ocr_carea' id='block_1_4' title="bbox 217 1369 1863 2099">
    <p class='ocr_par' dir='ltr' id='par_1_4' title="bbox 217 1369 1863 2099">
     <span class='ocr_line' id='line_1_19' title="bbox 223 1369 1863 1471; baseline 0.002 -31"><span class='ocrx_word' id='word_1_110' title='bbox 223 1369 422 1440; x_wconf 83' lang='lat' dir='ltr'><em>revaluerit</em></span> <span class='ocrx_word' id='word_1_111' title='bbox 454 1372 493 1440; x_wconf 82' lang='lat' dir='ltr'><em>de</em></span> <span class='ocrx_word' id='word_1_112' title='bbox 518 1374 608 1442; x_wconf 80' lang='lat' dir='ltr'><em>rebus</em></span> <span class='ocrx_word' id='word_1_113' title='bbox 633 1378 728 1467; x_wconf 75' lang='lat' dir='ltr'><em>quim</em></span> <span class='ocrx_word' id='word_1_114' title='bbox 760 1394 876 1470; x_wconf 83' lang='lat' dir='ltr'><em>quarta</em></span> <span class='ocrx_word' id='word_1_115' title='bbox 911 1395 989 1464; x_wconf 86' lang='lat' dir='ltr'><em>pars</em></span> <span class='ocrx_word' id='word_1_116' title='bbox 1031 1385 1060 1456; x_wconf 85' lang='grc' dir='ltr'><strong>Β</strong></span> <span class='ocrx_word' id='word_1_117' title='bbox 1100 1392 1206 1471; x_wconf 85' lang='lat' dir='ltr'><em>atque</em></span> <span class='ocrx_word' id='word_1_118' title='bbox 1250 1373 1337 1449; x_wconf 86' lang='lat' dir='ltr'><em>adeo</em></span> <span class='ocrx_word' id='word_1_119' title='bbox 1380 1375 1563 1457; x_wconf 86' lang='lat' dir='ltr'><em>videmus,</em></span> <span class='ocrx_word' id='word_1_120' title='bbox 1612 1371 1783 1448; x_wconf 83' lang='lat' dir='ltr'><strong>Chartam</strong></span> <span class='ocrx_word' id='word_1_121' title='bbox 1824 1371 1863 1444; x_wconf 77' lang='grc' dir='ltr'><em>δι</em></span> 
     </span>
     <span class='ocr_line' id='line_1_20' title="bbox 217 1471 989 1559; baseline 0.004 -18"><span class='ocrx_word' id='word_1_122' title='bbox 217 1471 288 1559; x_wconf 78' lang='lat' dir='ltr'><em>fir,</em></span> <span class='ocrx_word' id='word_1_123' title='bbox 323 1471 438 1542; x_wconf 82' lang='lat' dir='ltr'><em>habeat</em></span> <span class='ocrx_word' id='word_1_124' title='bbox 464 1472 498 1541; x_wconf 90' lang='lat' dir='ltr'><em>itt</em></span> <span class='ocrx_word' id='word_1_125' title='bbox 524 1474 666 1544; x_wconf 82' lang='lat' dir='ltr'><em>omuibus</em></span> <span class='ocrx_word' id='word_1_126' title='bbox 699 1474 860 1545; x_wconf 74' lang='lat' dir='ltr'><em>licentiam</em></span> <span class='ocrx_word' id='word_1_127' title='bbox 884 1474 989 1546; x_wconf 79' lang='lat' dir='ltr'><em>dandi</em></span> 
     </span>
     <span class='ocr_line' id='line_1_21' title="bbox 224 1575 988 1673; baseline 0.007 -31"><span class='ocrx_word' id='word_1_128' title='bbox 224 1592 379 1673; x_wconf 75' lang='lat' dir='ltr'><em>quantum</em></span> <span class='ocrx_word' id='word_1_129' title='bbox 428 1575 585 1646; x_wconf 82' lang='lat' dir='ltr'><em>voluerit.</em></span> <span class='ocrx_word' id='word_1_130' title='bbox 631 1579 718 1646; x_wconf 89' lang='lat' dir='ltr'><em>Nam</em></span> <span class='ocrx_word' id='word_1_131' title='bbox 751 1576 848 1668; x_wconf 80' lang='lat' dir='ltr'><em>super</em></span> <span class='ocrx_word' id='word_1_132' title='bbox 887 1575 988 1672; x_wconf 72' lang='lat' dir='ltr'><em>ipsam</em></span> 
     </span>
     <span class='ocr_line' id='line_1_22' title="bbox 225 1679 987 1774; baseline 0.003 -27"><span class='ocrx_word' id='word_1_133' title='bbox 225 1694 372 1774; x_wconf 83' lang='lat' dir='ltr'><em>quartam</em></span> <span class='ocrx_word' id='word_1_134' title='bbox 403 1695 527 1770; x_wconf 88' lang='lat' dir='ltr'><em>partem</em></span> <span class='ocrx_word' id='word_1_135' title='bbox 563 1682 641 1748; x_wconf 86' lang='lat' dir='ltr'><em>dure</em></span> <span class='ocrx_word' id='word_1_136' title='bbox 666 1679 849 1749; x_wconf 81' lang='lat' dir='ltr'><em>mullatenus</em></span> <span class='ocrx_word' id='word_1_137' title='bbox 871 1679 987 1772; x_wconf 80' lang='lat' dir='ltr'><em>puffit.</em></span> 
     </span>
     <span class='ocr_line' id='line_1_23' title="bbox 225 1774 987 1879; baseline 0.003 -31"><span class='ocrx_word' id='word_1_138' title='bbox 225 1775 264 1852; x_wconf 84' lang='lat' dir='ltr'><em>si</em></span> <span class='ocrx_word' id='word_1_139' title='bbox 290 1774 430 1872; x_wconf 84' lang='lat' dir='ltr'><em>opinari</em></span> <span class='ocrx_word' id='word_1_140' title='bbox 458 1775 565 1858; x_wconf 86' lang='lat' dir='ltr'><em>licet,</em></span> <span class='ocrx_word' id='word_1_141' title='bbox 605 1776 679 1877; x_wconf 86' lang='lat' dir='ltr'><em>spes</em></span> <span class='ocrx_word' id='word_1_142' title='bbox 706 1777 787 1860; x_wconf 83' lang='lat' dir='ltr'><em>itta,</em></span> <span class='ocrx_word' id='word_1_143' title='bbox 814 1778 987 1879; x_wconf 88' lang='lat' dir='ltr'><em>colligen-</em></span> 
     </span>
     <span class='ocr_line' id='line_1_24' title="bbox 225 1877 988 1977; baseline -0.001 -24"><span class='ocrx_word' id='word_1_144' title='bbox 225 1879 289 1953; x_wconf 87' lang='lat' dir='ltr'><em>dae</em></span> <span class='ocrx_word' id='word_1_145' title='bbox 316 1903 441 1976; x_wconf 87' lang='lat' dir='ltr'>nempe</span> <span class='ocrx_word' id='word_1_146' title='bbox 468 1904 487 1949; x_wconf 91' lang='lat' dir='ltr'><em>a</em></span> <span class='ocrx_word' id='word_1_147' title='bbox 514 1879 621 1967; x_wconf 86' lang='lat' dir='ltr'><em>viro,</em></span> <span class='ocrx_word' id='word_1_148' title='bbox 657 1881 719 1977; x_wconf 87' lang='lat' dir='ltr'><em>qui</em></span> <span class='ocrx_word' id='word_1_149' title='bbox 755 1877 818 1953; x_wconf 89' lang='lat' dir='ltr'><em>srbi</em></span> <span class='ocrx_word' id='word_1_150' title='bbox 845 1880 988 1953; x_wconf 91' lang='lat' dir='ltr'><em>contin·</em></span> 
     </span>
     <span class='ocr_line' id='line_1_25' title="bbox 226 1977 988 2099; baseline 0.004 -48"><span class='ocrx_word' id='word_1_151' title='bbox 226 1997 345 2099; x_wconf 68' lang='lat' dir='ltr'><em>geret,</em></span> <span class='ocrx_word' id='word_1_152' title='bbox 373 1999 446 2049; x_wconf 88' lang='lat' dir='ltr'><em>tam</em></span> <span class='ocrx_word' id='word_1_153' title='bbox 475 1977 631 2076; x_wconf 82' lang='lat' dir='ltr'><em>profusae</em></span> <span class='ocrx_word' id='word_1_154' title='bbox 649 1980 875 2072; x_wconf 87' lang='lat' dir='ltr'><em>donationis,</em></span> <span class='ocrx_word' id='word_1_155' title='bbox 903 1980 988 2054; x_wconf 85' lang='lat' dir='ltr'><em>soli-</em></span> 
     </span>
    </p>
   </div>
   <div class='ocr_carea' id='block_1_5' title="bbox 157 2079 988 2303">
    <p class='ocr_par' dir='ltr' id='par_1_5' title="bbox 157 2079 988 2303">
     <span class='ocr_line' id='line_1_26' title="bbox 226 2079 988 2183; baseline -0.001 -26"><span class='ocrx_word' id='word_1_156' title='bbox 226 2101 317 2157; x_wconf 78' lang='lat' dir='ltr'><em>citas</em></span> <span class='ocrx_word' id='word_1_157' title='bbox 353 2079 541 2154; x_wconf 79' lang='lat' dir='ltr'><em>admodum</em></span> <span class='ocrx_word' id='word_1_158' title='bbox 583 2079 761 2157; x_wconf 87' lang='lat' dir='ltr'><em>efficiebat</em></span> <span class='ocrx_word' id='word_1_159' title='bbox 795 2083 869 2183; x_wconf 83' lang='lat' dir='ltr'><em>ejus</em></span> <span class='ocrx_word' id='word_1_160' title='bbox 896 2100 988 2157; x_wconf 90' lang='lat' dir='ltr'><em>tem·</em></span> 
     </span>
     <span class='ocr_line' id='line_1_27' title="bbox 157 2181 988 2303; baseline 0.001 -46"><span class='ocrx_word' id='word_1_161' title='bbox 157 2241 161 2247; x_wconf 86' lang='lat'><em>.</em></span> <span class='ocrx_word' id='word_1_162' title='bbox 227 2182 506 2303; x_wconf 30' lang='lat' dir='ltr'><em>porislpnellas,</em></span> <span class='ocrx_word' id='word_1_163' title='bbox 529 2200 573 2258; x_wconf 89' lang='lat' dir='ltr'><em>ut</em></span> <span class='ocrx_word' id='word_1_164' title='bbox 599 2181 770 2257; x_wconf 73' lang='lat' dir='ltr'><em>intaiiarn</em></span> <span class='ocrx_word' id='word_1_165' title='bbox 790 2182 988 2277; x_wconf 82' lang='lat' dir='ltr'><em>servarent,</em></span> 
     </span>
    </p>
   </div>
   <div class='ocr_carea' id='block_1_6' title="bbox 1096 1469 1955 2260">
    <p class='ocr_par' dir='ltr' id='par_1_6' title="bbox 1096 1469 1955 2260">
     <span class='ocr_line' id='line_1_28' title="bbox 1100 1469 1865 1575; baseline -0.001 -29"><span class='ocrx_word' id='word_1_166' title='bbox 1100 1474 1386 1550; x_wconf 84' lang='lat' dir='ltr'><em>constitutionem</em></span> <span class='ocrx_word' id='word_1_167' title='bbox 1433 1475 1646 1575; x_wconf 86' lang='lat' dir='ltr'><em>Morgincap</em></span> <span class='ocrx_word' id='word_1_168' title='bbox 1691 1469 1865 1568; x_wconf 75' lang='lat' dir='ltr'><em>celebrari</em></span> 
     </span>
     <span class='ocr_line' id='line_1_29' title="bbox 1099 1572 1867 1673; baseline 0 -26"><span class='ocrx_word' id='word_1_169' title='bbox 1099 1574 1313 1649; x_wconf 85' lang='lat' dir='ltr'><em>consuerille</em></span> <span class='ocrx_word' id='word_1_170' title='bbox 1337 1579 1409 1648; x_wconf 70' lang='lat' dir='ltr'><em>alia·</em></span> <span class='ocrx_word' id='word_1_171' title='bbox 1429 1581 1483 1648; x_wconf 86' lang='lat' dir='ltr'><em>die</em></span> <span class='ocrx_word' id='word_1_172' title='bbox 1501 1577 1568 1673; x_wconf 84' lang='lat' dir='ltr'><em>pull</em></span> <span class='ocrx_word' id='word_1_173' title='bbox 1590 1573 1710 1645; x_wconf 77' lang='lat' dir='ltr'><em>uellem</em></span> <span class='ocrx_word' id='word_1_174' title='bbox 1728 1572 1867 1670; x_wconf 76' lang='lat' dir='ltr'><em>nuptia·</em></span> 
     </span>
     <span class='ocr_line' id='line_1_30' title="bbox 1097 1674 1867 1772; baseline -0.004 -26"><span class='ocrx_word' id='word_1_175' title='bbox 1097 1677 1180 1758; x_wconf 89' lang='lat' dir='ltr'><em>lem,</em></span> <span class='ocrx_word' id='word_1_176' title='bbox 1217 1677 1274 1772; x_wconf 85' lang='lat' dir='ltr'><em>qui</em></span> <span class='ocrx_word' id='word_1_177' title='bbox 1299 1677 1342 1764; x_wconf 75' lang='lat' dir='ltr'><em>eli</em></span> <span class='ocrx_word' id='word_1_178' title='bbox 1380 1680 1450 1749; x_wconf 81' lang='lat' dir='ltr'><em>dies</em></span> <span class='ocrx_word' id='word_1_179' title='bbox 1490 1699 1632 1749; x_wconf 84' lang='lat' dir='ltr'><em>votorum</em></span> <span class='ocrx_word' id='word_1_180' title='bbox 1668 1674 1867 1759; x_wconf 79' lang='lat' dir='ltr'><em>moliturum,</em></span> 
     </span>
     <span class='ocr_line' id='line_1_31' title="bbox 1099 1773 1955 1866; baseline 0 -16"><span class='ocrx_word' id='word_1_181' title='bbox 1099 1794 1139 1850; x_wconf 90' lang='lat' dir='ltr'><em>ut</em></span> <span class='ocrx_word' id='word_1_182' title='bbox 1165 1776 1271 1852; x_wconf 86' lang='lat' dir='ltr'><em>habet</em></span> <span class='ocrx_word' id='word_1_183' title='bbox 1306 1776 1439 1865; x_wconf 75' lang='lat' dir='ltr'><em>Chatta</em></span> <span class='ocrx_word' id='word_1_184' title='bbox 1479 1779 1523 1850; x_wconf 86' lang='lat' dir='ltr'><em>ab</em></span> <span class='ocrx_word' id='word_1_185' title='bbox 1558 1776 1679 1850; x_wconf 88' lang='lat' dir='ltr'><em>eodem</em></span> <span class='ocrx_word' id='word_1_186' title='bbox 1708 1773 1866 1851; x_wconf 72' lang='lat' dir='ltr'><em>baluzio</em></span> <span class='ocrx_word' id='word_1_187' title='bbox 1953 1861 1955 1866; x_wconf 23' lang='lat'><strong>¹</strong></span> 
     </span>
     <span class='ocr_line' id='line_1_32' title="bbox 1099 1875 1865 1972; baseline -0.005 -20"><span class='ocrx_word' id='word_1_188' title='bbox 1099 1879 1259 1952; x_wconf 89' lang='lat' dir='ltr'><em>laudata.</em></span> <span class='ocrx_word' id='word_1_189' title='bbox 1295 1876 1384 1952; x_wconf 83' lang='lat' dir='ltr'><em>Dixi</em></span> <span class='ocrx_word' id='word_1_190' title='bbox 1424 1877 1561 1952; x_wconf 83' lang='lat' dir='ltr'><em>licuilie</em></span> <span class='ocrx_word' id='word_1_191' title='bbox 1587 1875 1675 1951; x_wconf 84' lang='lat' dir='ltr'><em>viris</em></span> <span class='ocrx_word' id='word_1_192' title='bbox 1715 1895 1865 1972; x_wconf 78' lang='lat' dir='ltr'><em>quartam</em></span> 
     </span>
     <span class='ocr_line' id='line_1_33' title="bbox 1096 1975 1864 2078; baseline -0.001 -25"><span class='ocrx_word' id='word_1_193' title='bbox 1096 2001 1242 2078; x_wconf 85' lang='lat' dir='ltr'><em>purtem,</em></span> <span class='ocrx_word' id='word_1_194' title='bbox 1269 2006 1381 2078; x_wconf 87' lang='lat' dir='ltr'><em>neque</em></span> <span class='ocrx_word' id='word_1_195' title='bbox 1408 1980 1523 2071; x_wconf 90' lang='lat' dir='ltr'><em>ultra,</em></span> <span class='ocrx_word' id='word_1_196' title='bbox 1549 1978 1592 2052; x_wconf 91' lang='lat' dir='ltr'><em>de</em></span> <span class='ocrx_word' id='word_1_197' title='bbox 1619 1977 1770 2075; x_wconf 87' lang='lat' dir='ltr'><em>propriis</em></span> <span class='ocrx_word' id='word_1_198' title='bbox 1790 1975 1864 2052; x_wconf 87' lang='lat' dir='ltr'><em>for-</em></span> 
     </span>
     <span class='ocr_line' id='line_1_34' title="bbox 1099 2074 1863 2156; baseline 0.001 -2"><span class='ocrx_word' id='word_1_199' title='bbox 1099 2081 1197 2156; x_wconf 82' lang='lat' dir='ltr'><em>tunis</em></span> <span class='ocrx_word' id='word_1_200' title='bbox 1222 2081 1316 2155; x_wconf 88' lang='lat' dir='ltr'><em>dono</em></span> <span class='ocrx_word' id='word_1_201' title='bbox 1343 2081 1424 2154; x_wconf 86' lang='lat' dir='ltr'><em>dare</em></span> <span class='ocrx_word' id='word_1_202' title='bbox 1449 2080 1582 2154; x_wconf 88' lang='lat' dir='ltr'><em>uxori.</em></span> <span class='ocrx_word' id='word_1_203' title='bbox 1624 2082 1794 2151; x_wconf 80' lang='lat' dir='ltr'><em>Attamen</em></span> <span class='ocrx_word' id='word_1_204' title='bbox 1810 2074 1863 2155; x_wconf 75' lang='grc' dir='ltr'><em>’ἃ</em></span> 
     </span>
     <span class='ocr_line' id='line_1_35' title="bbox 1097 2178 1864 2260; baseline 0.004 -8"><span class='ocrx_word' id='word_1_205' title='bbox 1097 2185 1225 2255; x_wconf 76' lang='lat' dir='ltr'><em>tertiam</em></span> <span class='ocrx_word' id='word_1_206' title='bbox 1250 2181 1367 2255; x_wconf 91' lang='lat' dir='ltr'><em>datam</em></span> <span class='ocrx_word' id='word_1_207' title='bbox 1395 2180 1494 2256; x_wconf 87' lang='lat' dir='ltr'><em>suilse</em></span> <span class='ocrx_word' id='word_1_208' title='bbox 1514 2180 1688 2260; x_wconf 72' lang='lat' dir='ltr'><em>vdiscimus</em></span> <span class='ocrx_word' id='word_1_209' title='bbox 1710 2207 1730 2254; x_wconf 90' lang='lat' dir='ltr'><em>e</em></span> <span class='ocrx_word' id='word_1_210' title='bbox 1749 2178 1864 2257; x_wconf 86' lang='lat' dir='ltr'><em>Char·</em></span> 
     </span>
    </p>
   </div>
   <div class='ocr_carea' id='block_1_7' title="bbox 226 2280 1862 2382">
    <p class='ocr_par' dir='ltr' id='par_1_7' title="bbox 226 2280 1862 2382">
     <span class='ocr_line' id='line_1_36' title="bbox 226 2280 1862 2382; baseline -0.002 -21"><span class='ocrx_word' id='word_1_211' title='bbox 226 2281 456 2382; x_wconf 77' lang='lat' dir='ltr'><em>illaesamque</em></span> <span class='ocrx_word' id='word_1_212' title='bbox 496 2285 538 2359; x_wconf 89' lang='lat' dir='ltr'><em>ad</em></span> <span class='ocrx_word' id='word_1_213' title='bbox 578 2281 775 2361; x_wconf 78' lang='lat' dir='ltr'><em>thalamum</em></span> <span class='ocrx_word' id='word_1_214' title='bbox 816 2286 989 2362; x_wconf 82' lang='lat' dir='ltr'><em>deferrent</em></span> <span class='ocrx_word' id='word_1_215' title='bbox 1026 2291 1073 2372; x_wconf 70' lang='lat' dir='ltr'><em>Cf</em></span> <span class='ocrx_word' id='word_1_216' title='bbox 1097 2302 1135 2358; x_wconf 89' lang='lat' dir='ltr'><em>ta</em></span> <span class='ocrx_word' id='word_1_217' title='bbox 1175 2282 1274 2357; x_wconf 86' lang='lat' dir='ltr'><em>Anni</em></span> <span class='ocrx_word' id='word_1_218' title='bbox 1313 2286 1621 2357; x_wconf 79' lang='lat' dir='ltr'><em>DCCCLXlllll.</em></span> <span class='ocrx_word' id='word_1_219' title='bbox 1658 2307 1763 2380; x_wconf 86' lang='lat' dir='ltr'><em>quarn</em></span> <span class='ocrx_word' id='word_1_220' title='bbox 1799 2280 1862 2357; x_wconf 90' lang='lat' dir='ltr'><em>ad·</em></span> 
     </span>
    </p>
   </div>
   <div class='ocr_carea' id='block_1_8' title="bbox 226 2386 992 3199">
    <p class='ocr_par' dir='ltr' id='par_1_8' title="bbox 226 2386 992 3199">
     <span class='ocr_line' id='line_1_37' title="bbox 226 2386 990 2488; baseline 0.001 -26"><span class='ocrx_word' id='word_1_221' title='bbox 226 2387 473 2488; x_wconf 85' lang='lat' dir='ltr'><em>virginitatem</em></span> <span class='ocrx_word' id='word_1_222' title='bbox 503 2386 620 2474; x_wconf 83' lang='lat' dir='ltr'><em>suam,</em></span> <span class='ocrx_word' id='word_1_223' title='bbox 647 2414 690 2460; x_wconf 90' lang='lat' dir='ltr'><em>ne</em></span> <span class='ocrx_word' id='word_1_224' title='bbox 716 2386 856 2463; x_wconf 87' lang='lat' dir='ltr'><em>Marito</em></span> <span class='ocrx_word' id='word_1_225' title='bbox 879 2390 990 2464; x_wconf 80' lang='lat' dir='ltr'><em>carrlia</em></span> 
     </span>
     <span class='ocr_line' id='line_1_38' title="bbox 227 2487 989 2589; baseline 0.001 -27"><span class='ocrx_word' id='word_1_226' title='bbox 227 2493 451 2589; x_wconf 82' lang='lat' dir='ltr'><em>praeberetur</em></span> <span class='ocrx_word' id='word_1_227' title='bbox 476 2487 669 2563; x_wconf 79' lang='lat' dir='ltr'><em>abstinendi</em></span> <span class='ocrx_word' id='word_1_228' title='bbox 696 2515 716 2562; x_wconf 87' lang='lat' dir='ltr'><em>a</em></span> <span class='ocrx_word' id='word_1_229' title='bbox 740 2494 821 2561; x_wconf 83' lang='lat' dir='ltr'><em>douo</em></span> <span class='ocrx_word' id='word_1_230' title='bbox 855 2497 989 2563; x_wconf 85' lang='lat' dir='ltr'><em>matuti-</em></span> 
     </span>
     <span class='ocr_line' id='line_1_39' title="bbox 229 2589 991 2690; baseline 0.004 -28"><span class='ocrx_word' id='word_1_231' title='bbox 229 2593 318 2665; x_wconf 88' lang='lat' dir='ltr'><em>uali.</em></span> <span class='ocrx_word' id='word_1_232' title='bbox 351 2596 445 2665; x_wconf 89' lang='lat' dir='ltr'><em>Nam</em></span> <span class='ocrx_word' id='word_1_233' title='bbox 473 2590 527 2663; x_wconf 88' lang='lat' dir='ltr'><em>uti</em></span> <span class='ocrx_word' id='word_1_234' title='bbox 554 2617 598 2664; x_wconf 83' lang='lat' dir='ltr'><em>ex</em></span> <span class='ocrx_word' id='word_1_235' title='bbox 625 2589 689 2663; x_wconf 88' lang='lat' dir='ltr'><em>hac</em></span> <span class='ocrx_word' id='word_1_236' title='bbox 717 2589 789 2687; x_wconf 79' lang='lat' dir='ltr'><em>ipsa</em></span> <span class='ocrx_word' id='word_1_237' title='bbox 818 2597 912 2690; x_wconf 84' lang='lat' dir='ltr'><em>Lege</em></span> <span class='ocrx_word' id='word_1_238' title='bbox 938 2591 991 2665; x_wconf 90' lang='lat' dir='ltr'><em>sa-</em></span> 
     </span>
     <span class='ocr_line' id='line_1_40' title="bbox 228 2690 991 2788; baseline 0.003 -25"><span class='ocrx_word' id='word_1_239' title='bbox 228 2693 277 2765; x_wconf 90' lang='lat' dir='ltr'><em>tis</em></span> <span class='ocrx_word' id='word_1_240' title='bbox 317 2694 453 2764; x_wconf 85' lang='lat' dir='ltr'><em>elucere</em></span> <span class='ocrx_word' id='word_1_241' title='bbox 480 2690 648 2781; x_wconf 89' lang='lat' dir='ltr'><em>videtur,</em></span> <span class='ocrx_word' id='word_1_242' title='bbox 689 2691 880 2788; x_wconf 83' lang='lat' dir='ltr'><em>Murgirtcap</em></span> <span class='ocrx_word' id='word_1_243' title='bbox 919 2718 991 2765; x_wconf 89' lang='lat' dir='ltr'><em>non</em></span> 
     </span>
     <span class='ocr_line' id='line_1_41' title="bbox 230 2789 991 2892; baseline 0.003 -26"><span class='ocrx_word' id='word_1_244' title='bbox 230 2812 332 2873; x_wconf 89' lang='lat' dir='ltr'><em>ante,</em></span> <span class='ocrx_word' id='word_1_245' title='bbox 373 2789 429 2864; x_wconf 90' lang='lat' dir='ltr'><em>sed</em></span> <span class='ocrx_word' id='word_1_246' title='bbox 471 2789 544 2887; x_wconf 88' lang='lat' dir='ltr'><em>post</em></span> <span class='ocrx_word' id='word_1_247' title='bbox 578 2789 720 2892; x_wconf 80' lang='lat' dir='ltr'><em>nuptiae</em></span> <span class='ocrx_word' id='word_1_248' title='bbox 745 2818 785 2866; x_wconf 90' lang='lat' dir='ltr'><em>ac</em></span> <span class='ocrx_word' id='word_1_249' title='bbox 812 2793 991 2868; x_wconf 76' lang='lat' dir='ltr'><em>maritales</em></span> 
     </span>
     <span class='ocr_line' id='line_1_42' title="bbox 226 2890 992 2994; baseline -0.001 -25"><span class='ocrx_word' id='word_1_250' title='bbox 226 2896 412 2994; x_wconf 84' lang='lat' dir='ltr'><em>amplexus</em></span> <span class='ocrx_word' id='word_1_251' title='bbox 427 2942 438 2975; x_wconf 88' lang='lat'>‚</span> <span class='ocrx_word' id='word_1_252' title='bbox 465 2890 617 2968; x_wconf 79' lang='lat' dir='ltr'><em>feminae</em></span> <span class='ocrx_word' id='word_1_253' title='bbox 644 2894 714 2992; x_wconf 86' lang='lat' dir='ltr'><em>jam</em></span> <span class='ocrx_word' id='word_1_254' title='bbox 740 2892 881 2992; x_wconf 78' lang='lat' dir='ltr'><em>Coniugi</em></span> <span class='ocrx_word' id='word_1_255' title='bbox 906 2922 992 2968; x_wconf 92' lang='lat' dir='ltr'><em>con·</em></span> 
     </span>
     <span class='ocr_line' id='line_1_43' title="bbox 228 2997 992 3072; baseline -0.001 -1"><span class='ocrx_word' id='word_1_256' title='bbox 228 2997 458 3071; x_wconf 86' lang='lat' dir='ltr'><em>stituebatur.</em></span> <span class='ocrx_word' id='word_1_257' title='bbox 514 2997 556 3069; x_wconf 89' lang='lat' dir='ltr'><em>ln</em></span> <span class='ocrx_word' id='word_1_258' title='bbox 596 3021 694 3071; x_wconf 87' lang='lat' dir='ltr'><em>more</em></span> <span class='ocrx_word' id='word_1_259' title='bbox 735 3015 851 3071; x_wconf 88' lang='lat' dir='ltr'><em>autem</em></span> <span class='ocrx_word' id='word_1_260' title='bbox 892 2997 992 3072; x_wconf 82' lang='lat' dir='ltr'><em>suille</em></span> 
     </span>
     <span class='ocr_line' id='line_1_44' title="bbox 229 3095 992 3199; baseline 0 -26"><span class='ocrx_word' id='word_1_261' title='bbox 229 3119 343 3198; x_wconf 84' lang='lat' dir='ltr'><em>puto,</em></span> <span class='ocrx_word' id='word_1_262' title='bbox 382 3117 422 3173; x_wconf 91' lang='lat' dir='ltr'><em>ut</em></span> <span class='ocrx_word' id='word_1_263' title='bbox 450 3100 655 3199; x_wconf 82' lang='lat' dir='ltr'><em>plerumque</em></span> <span class='ocrx_word' id='word_1_264' title='bbox 682 3095 752 3172; x_wconf 86' lang='lat' dir='ltr'><em>riri</em></span> <span class='ocrx_word' id='word_1_265' title='bbox 781 3099 884 3199; x_wconf 89' lang='lat' dir='ltr'><em>longe</em></span> <span class='ocrx_word' id='word_1_266' title='bbox 911 3119 992 3173; x_wconf 89' lang='lat' dir='ltr'><em>ante</em></span> 
     </span>
    </p>
   </div>
   <div class='ocr_carea' id='block_1_9' title="bbox 1089 2382 1938 3184">
    <p class='ocr_par' dir='ltr' id='par_1_9' title="bbox 1089 2382 1938 3184">
     <span class='ocr_line' id='line_1_45' title="bbox 1097 2382 1862 2460; baseline 0.003 -3"><span class='ocrx_word' id='word_1_267' title='bbox 1097 2382 1173 2459; x_wconf 91' lang='lat' dir='ltr'><em>didi</em></span> <span class='ocrx_word' id='word_1_268' title='bbox 1208 2383 1394 2458; x_wconf 81' lang='lat' dir='ltr'><em>Chrcmico</em></span> <span class='ocrx_word' id='word_1_269' title='bbox 1434 2382 1650 2460; x_wconf 81' lang='lat' dir='ltr'><em>Calauriensr</em></span> <span class='ocrx_word' id='word_1_270' title='bbox 1692 2387 1785 2457; x_wconf 85' lang='lat' dir='ltr'><em>Part.</em></span> <span class='ocrx_word' id='word_1_271' title='bbox 1811 2382 1862 2459; x_wconf 86' lang='lat' dir='ltr'><em>II.</em></span> 
     </span>
     <span class='ocr_line' id='line_1_46' title="bbox 1097 2482 1938 2586; baseline 0 -26"><span class='ocrx_word' id='word_1_272' title='bbox 1097 2486 1210 2560; x_wconf 87' lang='lat' dir='ltr'><em>Tomi</em></span> <span class='ocrx_word' id='word_1_273' title='bbox 1238 2490 1285 2559; x_wconf 92' lang='lat' dir='ltr'><em>ll.</em></span> <span class='ocrx_word' id='word_1_274' title='bbox 1314 2490 1394 2559; x_wconf 87' lang='lat' dir='ltr'><em>Rer.</em></span> <span class='ocrx_word' id='word_1_275' title='bbox 1416 2486 1571 2560; x_wconf 88' lang='lat' dir='ltr'><em>italicar.</em></span> <span class='ocrx_word' id='word_1_276' title='bbox 1593 2511 1670 2585; x_wconf 88' lang='lat' dir='ltr'><em>pag.</em></span> <span class='ocrx_word' id='word_1_277' title='bbox 1696 2510 1782 2586; x_wconf 81' lang='lat'><em>939.</em></span> <span class='ocrx_word' id='word_1_278' title='bbox 1805 2482 1862 2560; x_wconf 87' lang='lat' dir='ltr'><em>lbi</em></span> <span class='ocrx_word' id='word_1_279' title='bbox 1928 2494 1938 2507; x_wconf 65' lang='lat'>²</span> 
     </span>
     <span class='ocr_line' id='line_1_47' title="bbox 1097 2585 1863 2684; baseline -0.004 -23"><span class='ocrx_word' id='word_1_280' title='bbox 1097 2587 1250 2661; x_wconf 86' lang='lat' dir='ltr'><em>traditur</em></span> <span class='ocrx_word' id='word_1_281' title='bbox 1275 2586 1466 2661; x_wconf 90' lang='lat' dir='ltr'><em>Monachis</em></span> <span class='ocrx_word' id='word_1_282' title='bbox 1484 2585 1770 2662; x_wconf 82' lang='lat' dir='ltr'><em>Calaurienlibus</em></span> <span class='ocrx_word' id='word_1_283' title='bbox 1788 2585 1863 2684; x_wconf 79' lang='lat' dir='ltr'><em>qui·</em></span> 
     </span>
     <span class='ocr_line' id='line_1_48' title="bbox 1096 2689 1864 2786; baseline -0.001 -26"><span class='ocrx_word' id='word_1_284' title='bbox 1096 2692 1191 2785; x_wconf 86' lang='lat' dir='ltr'><em>cquid</em></span> <span class='ocrx_word' id='word_1_285' title='bbox 1215 2690 1315 2758; x_wconf 85' lang='lat' dir='ltr'><em>eidem</em></span> <span class='ocrx_word' id='word_1_286' title='bbox 1350 2691 1467 2759; x_wconf 83' lang='lat' dir='ltr'><em>Guudi</em></span> <span class='ocrx_word' id='word_1_287' title='bbox 1502 2689 1592 2760; x_wconf 83' lang='lat' dir='ltr'><em>uxori</em></span> <span class='ocrx_word' id='word_1_288' title='bbox 1616 2690 1774 2786; x_wconf 76' lang='lat' dir='ltr'><em>quaerelam</em></span> <span class='ocrx_word' id='word_1_289' title='bbox 1789 2693 1864 2780; x_wconf 84' lang='lat' dir='ltr'><em>Ja-</em></span> 
     </span>
     <span class='ocr_line' id='line_1_49' title="bbox 1090 2790 1863 2886; baseline 0 -25"><span class='ocrx_word' id='word_1_290' title='bbox 1090 2790 1192 2879; x_wconf 82' lang='lat' dir='ltr'><em>stertis</em></span> <span class='ocrx_word' id='word_1_291' title='bbox 1212 2790 1393 2885; x_wconf 87' lang='lat' dir='ltr'><em>pertinebat</em></span> <span class='ocrx_word' id='word_1_292' title='bbox 1418 2820 1439 2861; x_wconf 99' lang='lat' dir='ltr'><em>a</em></span> <span class='ocrx_word' id='word_1_293' title='bbox 1462 2792 1643 2886; x_wconf 75' lang='lat' dir='ltr'><em>perterriti</em></span> <span class='ocrx_word' id='word_1_294' title='bbox 1661 2791 1739 2883; x_wconf 78' lang='lat' dir='ltr'><em>stri,</em></span> <span class='ocrx_word' id='word_1_295' title='bbox 1763 2791 1863 2861; x_wconf 80' lang='lat' dir='ltr'><em>ariele-</em></span> 
     </span>
     <span class='ocr_line' id='line_1_50' title="bbox 1095 2891 1866 2982; baseline 0.001 -19"><span class='ocrx_word' id='word_1_296' title='bbox 1095 2893 1169 2965; x_wconf 84' lang='lat' dir='ltr'><em>lieet</em></span> <span class='ocrx_word' id='word_1_297' title='bbox 1194 2892 1320 2964; x_wconf 85' lang='lat' dir='ltr'><em>tertium</em></span> <span class='ocrx_word' id='word_1_298' title='bbox 1342 2891 1514 2982; x_wconf 84' lang='lat' dir='ltr'><em>portionem</em></span> <span class='ocrx_word' id='word_1_299' title='bbox 1542 2895 1582 2964; x_wconf 87' lang='lat' dir='ltr'><em>de</em></span> <span class='ocrx_word' id='word_1_300' title='bbox 1606 2892 1748 2964; x_wconf 79' lang='lat' dir='ltr'><em>omuibus</em></span> <span class='ocrx_word' id='word_1_301' title='bbox 1773 2893 1866 2964; x_wconf 77' lang='lat' dir='ltr'><em>uiua</em></span> 
     </span>
     <span class='ocr_line' id='line_1_51' title="bbox 1089 2992 1864 3089; baseline 0.004 -27"><span class='ocrx_word' id='word_1_302' title='bbox 1089 2992 1339 3088; x_wconf 75' lang='lat' dir='ltr'><em>suprascriptis,</em></span> <span class='ocrx_word' id='word_1_303' title='bbox 1378 3019 1457 3089; x_wconf 85' lang='lat' dir='ltr'><em>quae</em></span> <span class='ocrx_word' id='word_1_304' title='bbox 1496 2995 1526 3064; x_wconf 89' lang='lat' dir='ltr'><em>ei</em></span> <span class='ocrx_word' id='word_1_305' title='bbox 1566 2994 1600 3064; x_wconf 84' lang='lat' dir='ltr'><em>itt</em></span> <span class='ocrx_word' id='word_1_306' title='bbox 1641 2995 1694 3064; x_wconf 70' lang='lat' dir='ltr'><em>dit</em></span> <span class='ocrx_word' id='word_1_307' title='bbox 1717 3015 1864 3065; x_wconf 86' lang='lat' dir='ltr'><em>utterutrt</em></span> 
     </span>
     <span class='ocr_line' id='line_1_52' title="bbox 1098 3092 1865 3184; baseline 0.007 -18"><span class='ocrx_word' id='word_1_308' title='bbox 1098 3097 1156 3166; x_wconf 88' lang='lat' dir='ltr'><em>Vir</em></span> <span class='ocrx_word' id='word_1_309' title='bbox 1176 3095 1254 3184; x_wconf 74' lang='lat' dir='ltr'><em>suus</em></span> <span class='ocrx_word' id='word_1_310' title='bbox 1279 3097 1433 3166; x_wconf 84' lang='lat' dir='ltr'><em>dederat.</em></span> <span class='ocrx_word' id='word_1_311' title='bbox 1475 3097 1615 3169; x_wconf 82' lang='lat' dir='ltr'><em>Tantae</em></span> <span class='ocrx_word' id='word_1_312' title='bbox 1649 3092 1865 3171; x_wconf 72' lang='lat' dir='ltr'><em>liberalitati</em></span> 
     </span>
    </p>
   </div>
   <div class='ocr_carea' id='block_1_10' title="bbox 227 3193 1933 3302">
    <p class='ocr_par' dir='ltr' id='par_1_10' title="bbox 227 3193 1933 3302">
     <span class='ocr_line' id='line_1_53' title="bbox 227 3193 1933 3302; baseline -0.003 -26"><span class='ocrx_word' id='word_1_313' title='bbox 227 3201 341 3300; x_wconf 88' lang='lat' dir='ltr'><em>ipsum</em></span> <span class='ocrx_word' id='word_1_314' title='bbox 379 3200 574 3299; x_wconf 86' lang='lat' dir='ltr'><em>nuptialem</em></span> <span class='ocrx_word' id='word_1_315' title='bbox 611 3201 705 3275; x_wconf 88' lang='lat' dir='ltr'><em>diem</em></span> <span class='ocrx_word' id='word_1_316' title='bbox 741 3227 781 3274; x_wconf 89' lang='lat' dir='ltr'><em>ac</em></span> <span class='ocrx_word' id='word_1_317' title='bbox 810 3202 1010 3302; x_wconf 75' lang='lat' dir='ltr'><em>praecipue</em></span> <span class='ocrx_word' id='word_1_318' title='bbox 1031 3203 1065 3272; x_wconf 89' lang='lat' dir='ltr'>D</span> <span class='ocrx_word' id='word_1_319' title='bbox 1098 3199 1176 3271; x_wconf 85' lang='lat' dir='ltr'><em>Lex</em></span> <span class='ocrx_word' id='word_1_320' title='bbox 1203 3194 1378 3269; x_wconf 85' lang='lat' dir='ltr'><em>obstabat:</em></span> <span class='ocrx_word' id='word_1_321' title='bbox 1420 3200 1541 3270; x_wconf 80' lang='lat' dir='ltr'><em>verbm</em></span> <span class='ocrx_word' id='word_1_322' title='bbox 1582 3194 1642 3272; x_wconf 80' lang='lat' dir='ltr'><em>iste</em></span> <span class='ocrx_word' id='word_1_323' title='bbox 1667 3193 1724 3267; x_wconf 86' lang='lat' dir='ltr'><em>vir</em></span> <span class='ocrx_word' id='word_1_324' title='bbox 1749 3212 1813 3268; x_wconf 87' lang='lat' dir='ltr'><em>aut</em></span> <span class='ocrx_word' id='word_1_325' title='bbox 1840 3220 1865 3271; x_wconf 81' lang='grc' dir='ltr'>ι</span> <span class='ocrx_word' id='word_1_326' title='bbox 1927 3226 1933 3231; x_wconf 66' lang='grc'><em>“</em></span> 
     </span>
    </p>
   </div>
   <div class='ocr_carea' id='block_1_11' title="bbox 227 3302 992 4010">
    <p class='ocr_par' dir='ltr' id='par_1_11' title="bbox 227 3302 992 4010">
     <span class='ocr_line' id='line_1_54' title="bbox 228 3302 992 3402; baseline -0.001 -24"><span class='ocrx_word' id='word_1_327' title='bbox 228 3303 451 3402; x_wconf 85' lang='lat' dir='ltr'><em>Sponsalium</em></span> <span class='ocrx_word' id='word_1_328' title='bbox 470 3303 549 3384; x_wconf 83' lang='lat' dir='ltr'><em>die,</em></span> <span class='ocrx_word' id='word_1_329' title='bbox 570 3303 702 3377; x_wconf 89' lang='lat' dir='ltr'><em>donum</em></span> <span class='ocrx_word' id='word_1_330' title='bbox 722 3302 893 3402; x_wconf 85' lang='lat' dir='ltr'><em>ejusmodi</em></span> <span class='ocrx_word' id='word_1_331' title='bbox 915 3307 992 3401; x_wconf 90' lang='lat' dir='ltr'><em>pol·</em></span> 
     </span>
     <span class='ocr_line' id='line_1_55' title="bbox 229 3401 991 3500; baseline 0.001 -23"><span class='ocrx_word' id='word_1_332' title='bbox 229 3407 439 3478; x_wconf 86' lang='lat' dir='ltr'><em>licerentur.</em></span> <span class='ocrx_word' id='word_1_333' title='bbox 486 3404 551 3476; x_wconf 86' lang='lat' dir='ltr'><em>Sed</em></span> <span class='ocrx_word' id='word_1_334' title='bbox 592 3401 729 3476; x_wconf 87' lang='lat' dir='ltr'><em>Charta</em></span> <span class='ocrx_word' id='word_1_335' title='bbox 769 3430 991 3500; x_wconf 89' lang='lat' dir='ltr'><em>nequaquam</em></span> 
     </span>
     <span class='ocr_line' id='line_1_56' title="bbox 228 3499 990 3597; baseline 0.001 -21"><span class='ocrx_word' id='word_1_336' title='bbox 228 3504 469 3590; x_wconf 82' lang='lat' dir='ltr'><em>scribebatur,</em></span> <span class='ocrx_word' id='word_1_337' title='bbox 509 3499 573 3572; x_wconf 83' lang='lat' dir='ltr'><em>nist</em></span> <span class='ocrx_word' id='word_1_338' title='bbox 611 3502 683 3597; x_wconf 83' lang='lat' dir='ltr'><em>poli</em></span> <span class='ocrx_word' id='word_1_339' title='bbox 709 3500 990 3576; x_wconf 90' lang='lat' dir='ltr'><em>consummatum</em></span> 
     </span>
     <span class='ocr_line' id='line_1_57' title="bbox 229 3599 990 3702; baseline 0.003 -27"><span class='ocrx_word' id='word_1_340' title='bbox 229 3603 520 3676; x_wconf 86' lang='lat' dir='ltr'><em>matrimonium.</em></span> <span class='ocrx_word' id='word_1_341' title='bbox 564 3604 689 3696; x_wconf 88' lang='lat' dir='ltr'><em>Neque</em></span> <span class='ocrx_word' id='word_1_342' title='bbox 714 3599 883 3690; x_wconf 85' lang='lat' dir='ltr'><em>deerant,</em></span> <span class='ocrx_word' id='word_1_343' title='bbox 927 3604 990 3702; x_wconf 79' lang='lat' dir='ltr'><em>qu&#39;i</em></span> 
     </span>
     <span class='ocr_line' id='line_1_58' title="bbox 228 3699 990 3803; baseline 0.004 -26"><span class='ocrx_word' id='word_1_344' title='bbox 228 3703 394 3803; x_wconf 85' lang='lat' dir='ltr'><em>promilla</em></span> <span class='ocrx_word' id='word_1_345' title='bbox 420 3699 641 3791; x_wconf 79' lang='lat' dir='ltr'><em>fraudantes,</em></span> <span class='ocrx_word' id='word_1_346' title='bbox 665 3700 790 3798; x_wconf 78' lang='lat' dir='ltr'><em>perjuri</em></span> <span class='ocrx_word' id='word_1_347' title='bbox 809 3725 990 3799; x_wconf 85' lang='lat' dir='ltr'><em>propterea</em></span> 
     </span>
     <span class='ocr_line' id='line_1_59' title="bbox 229 3803 991 3906; baseline -0.004 -25"><span class='ocrx_word' id='word_1_348' title='bbox 229 3805 514 3906; x_wconf 88' lang='lat' dir='ltr'><em>appellabantur.</em></span> <span class='ocrx_word' id='word_1_349' title='bbox 550 3806 635 3878; x_wconf 87' lang='lat' dir='ltr'><em>Erat</em></span> <span class='ocrx_word' id='word_1_350' title='bbox 660 3803 758 3878; x_wconf 90' lang='lat' dir='ltr'><em>enim</em></span> <span class='ocrx_word' id='word_1_351' title='bbox 799 3806 991 3902; x_wconf 81' lang='lat' dir='ltr'><em>Morgiueap</em></span> 
     </span>
     <span class='ocr_line' id='line_1_60' title="bbox 227 3902 991 4010; baseline 0.001 -29"><span class='ocrx_word' id='word_1_352' title='bbox 227 3904 383 4010; x_wconf 86' lang='lat' dir='ltr'><em>gratuita</em></span> <span class='ocrx_word' id='word_1_353' title='bbox 427 3902 467 3979; x_wconf 73' lang='grc' dir='ltr'><strong>ἃ</strong></span> <span class='ocrx_word' id='word_1_354' title='bbox 509 3906 709 3980; x_wconf 82' lang='lat' dir='ltr'><em>voluntaria</em></span> <span class='ocrx_word' id='word_1_355' title='bbox 736 3905 904 3980; x_wconf 89' lang='lat' dir='ltr'><em>donatio.</em></span> <span class='ocrx_word' id='word_1_356' title='bbox 944 3913 991 3983; x_wconf 84' lang='lat' dir='ltr'><em>Et</em></span> 
     </span>
    </p>
   </div>
   <div class='ocr_carea' id='block_1_12' title="bbox 1098 3297 1865 4009">
    <p class='ocr_par' dir='ltr' id='par_1_12' title="bbox 1098 3297 1865 4009">
     <span class='ocr_line' id='line_1_61' title="bbox 1101 3297 1865 3396; baseline 0.003 -25"><span class='ocrx_word' id='word_1_357' title='bbox 1101 3297 1265 3394; x_wconf 86' lang='lat' dir='ltr'><em>Principe</em></span> <span class='ocrx_word' id='word_1_358' title='bbox 1292 3298 1499 3396; x_wconf 86' lang='lat' dir='ltr'><em>impetrarat</em></span> <span class='ocrx_word' id='word_1_359' title='bbox 1525 3297 1729 3372; x_wconf 66' lang='lat' dir='ltr'><em>larultatem</em></span> <span class='ocrx_word' id='word_1_360' title='bbox 1755 3322 1865 3373; x_wconf 80' lang='lat' dir='ltr'><em>exce·</em></span> 
     </span>
     <span class='ocr_line' id='line_1_62' title="bbox 1099 3400 1864 3501; baseline 0 -29"><span class='ocrx_word' id='word_1_361' title='bbox 1099 3400 1224 3491; x_wconf 90' lang='lat' dir='ltr'><em>dendi,</em></span> <span class='ocrx_word' id='word_1_362' title='bbox 1260 3422 1321 3475; x_wconf 88' lang='lat' dir='ltr'><em>aut</em></span> <span class='ocrx_word' id='word_1_363' title='bbox 1363 3405 1494 3501; x_wconf 83' lang='lat' dir='ltr'><em>Legem</em></span> <span class='ocrx_word' id='word_1_364' title='bbox 1536 3400 1646 3500; x_wconf 86' lang='lat' dir='ltr'><em>ipsam</em></span> <span class='ocrx_word' id='word_1_365' title='bbox 1674 3401 1864 3473; x_wconf 84' lang='lat' dir='ltr'><em>conculca·</em></span> 
     </span>
     <span class='ocr_line' id='line_1_63' title="bbox 1099 3498 1861 3599; baseline 0 -27"><span class='ocrx_word' id='word_1_366' title='bbox 1099 3521 1223 3574; x_wconf 85' lang='lat' dir='ltr'><em>verat.</em></span> <span class='ocrx_word' id='word_1_367' title='bbox 1251 3506 1419 3575; x_wconf 87' lang='lat' dir='ltr'><em>Ceterum</em></span> <span class='ocrx_word' id='word_1_368' title='bbox 1446 3529 1466 3575; x_wconf 89' lang='lat' dir='ltr'><em>e</em></span> <span class='ocrx_word' id='word_1_369' title='bbox 1493 3501 1682 3576; x_wconf 87' lang='lat' dir='ltr'><em>Chartario</em></span> <span class='ocrx_word' id='word_1_370' title='bbox 1706 3498 1861 3599; x_wconf 82' lang='lat' dir='ltr'><em>ejusdem</em></span> 
     </span>
     <span class='ocr_line' id='line_1_64' title="bbox 1098 3596 1860 3678; baseline -0.001 -3"><span class='ocrx_word' id='word_1_371' title='bbox 1098 3601 1277 3675; x_wconf 89' lang='lat' dir='ltr'><em>Coenobii</em></span> <span class='ocrx_word' id='word_1_372' title='bbox 1328 3601 1561 3676; x_wconf 86' lang='lat' dir='ltr'><em>Casanrienfis</em></span> <span class='ocrx_word' id='word_1_373' title='bbox 1607 3603 1770 3678; x_wconf 86' lang='lat' dir='ltr'><em>Baluzius</em></span> <span class='ocrx_word' id='word_1_374' title='bbox 1817 3596 1860 3675; x_wconf 83' lang='lat' dir='ltr'><em>in</em></span> 
     </span>
     <span class='ocr_line' id='line_1_65' title="bbox 1099 3700 1863 3800; baseline 0.001 -25"><span class='ocrx_word' id='word_1_375' title='bbox 1099 3701 1307 3800; x_wconf 88' lang='lat' dir='ltr'><em>Appendice</em></span> <span class='ocrx_word' id='word_1_376' title='bbox 1334 3703 1375 3776; x_wconf 89' lang='lat' dir='ltr'><em>ad</em></span> <span class='ocrx_word' id='word_1_377' title='bbox 1404 3707 1512 3777; x_wconf 88' lang='lat' dir='ltr'><em>Tom.</em></span> <span class='ocrx_word' id='word_1_378' title='bbox 1539 3730 1572 3778; x_wconf 85' lang='lat'><em>2.</em></span> <span class='ocrx_word' id='word_1_379' title='bbox 1593 3700 1863 3797; x_wconf 84' lang='lat' dir='ltr'><em>Capitulariunt</em></span> 
     </span>
     <span class='ocr_line' id='line_1_66' title="bbox 1100 3804 1864 3903; baseline 0.004 -27"><span class='ocrx_word' id='word_1_380' title='bbox 1100 3830 1177 3903; x_wconf 85' lang='lat' dir='ltr'><em>pag.</em></span> <span class='ocrx_word' id='word_1_381' title='bbox 1217 3826 1323 3896; x_wconf 78' lang='lat'><em>1530.</em></span> <span class='ocrx_word' id='word_1_382' title='bbox 1363 3804 1545 3881; x_wconf 89' lang='lat' dir='ltr'><em>Libellum</em></span> <span class='ocrx_word' id='word_1_383' title='bbox 1575 3807 1748 3892; x_wconf 83' lang='lat' dir='ltr'><em>protulit,</em></span> <span class='ocrx_word' id='word_1_384' title='bbox 1786 3807 1864 3879; x_wconf 83' lang='lat' dir='ltr'><em>An·</em></span> 
     </span>
     <span class='ocr_line' id='line_1_67' title="bbox 1100 3902 1864 4009; baseline 0.004 -31"><span class='ocrx_word' id='word_1_385' title='bbox 1100 3932 1146 3996; x_wconf 85' lang='lat' dir='ltr'><em>no</em></span> <span class='ocrx_word' id='word_1_386' title='bbox 1181 3902 1315 3977; x_wconf 81' lang='lat' dir='ltr'><em>Christi</em></span> <span class='ocrx_word' id='word_1_387' title='bbox 1362 3909 1540 3982; x_wconf 81' lang='lat' dir='ltr'><em>Mthv.</em></span> <span class='ocrx_word' id='word_1_388' title='bbox 1577 3909 1778 4009; x_wconf 75' lang='lat' dir='ltr'><em>scriptum,</em></span> <span class='ocrx_word' id='word_1_389' title='bbox 1823 3903 1864 3983; x_wconf 83' lang='lat' dir='ltr'><em>itt</em></span> 
     </span>
    </p>
   </div>
   <div class='ocr_carea' id='block_1_13' title="bbox 227 4005 1864 4212">
    <p class='ocr_par' dir='ltr' id='par_1_13' title="bbox 227 4005 1864 4212">
     <span class='ocr_line' id='line_1_68' title="bbox 227 4005 1864 4109; baseline -0.002 -24"><span class='ocrx_word' id='word_1_390' title='bbox 227 4006 309 4107; x_wconf 80' lang='lat' dir='ltr'><em>ipsre</em></span> <span class='ocrx_word' id='word_1_391' title='bbox 335 4005 444 4081; x_wconf 83' lang='lat' dir='ltr'><em>etiam</em></span> <span class='ocrx_word' id='word_1_392' title='bbox 471 4007 615 4080; x_wconf 87' lang='lat' dir='ltr'><em>Francis</em></span> <span class='ocrx_word' id='word_1_393' title='bbox 641 4007 853 4084; x_wconf 81' lang='lat' dir='ltr'><em>familiarem</em></span> <span class='ocrx_word' id='word_1_394' title='bbox 891 4007 990 4084; x_wconf 85' lang='lat' dir='ltr'><em>suilie</em></span> <span class='ocrx_word' id='word_1_395' title='bbox 1099 4035 1170 4107; x_wconf 87' lang='lat' dir='ltr'><em>quo</em></span> <span class='ocrx_word' id='word_1_396' title='bbox 1197 4011 1371 4096; x_wconf 75' lang='lat' dir='ltr'><em>lohannes</em></span> <span class='ocrx_word' id='word_1_397' title='bbox 1399 4005 1495 4083; x_wconf 84' lang='lat' dir='ltr'><em>lilius</em></span> <span class='ocrx_word' id='word_1_398' title='bbox 1521 4013 1699 4109; x_wconf 88' lang='lat' dir='ltr'><em>quondam</em></span> <span class='ocrx_word' id='word_1_399' title='bbox 1735 4006 1864 4082; x_wconf 89' lang='lat' dir='ltr'><em>Domi·</em></span> 
     </span>
     <span class='ocr_line' id='line_1_69' title="bbox 228 4104 1864 4212; baseline -0.001 -26"><span class='ocrx_word' id='word_1_400' title='bbox 228 4110 442 4210; x_wconf 83' lang='lat' dir='ltr'><em>Morgirrcup‚</em></span> <span class='ocrx_word' id='word_1_401' title='bbox 478 4105 802 4185; x_wconf 86' lang='lat' dir='ltr'><em>animadverterunt</em></span> <span class='ocrx_word' id='word_1_402' title='bbox 841 4114 990 4186; x_wconf 88' lang='lat' dir='ltr'><em>Gallan-</em></span> <span class='ocrx_word' id='word_1_403' title='bbox 1032 4104 1061 4174; x_wconf 75' lang='grc' dir='ltr'><strong><em>Ε</em></strong></span> <span class='ocrx_word' id='word_1_404' title='bbox 1100 4111 1174 4185; x_wconf 91' lang='lat' dir='ltr'><em>nici</em></span> <span class='ocrx_word' id='word_1_405' title='bbox 1215 4110 1325 4184; x_wconf 88' lang='lat' dir='ltr'><em>donat</em></span> <span class='ocrx_word' id='word_1_406' title='bbox 1366 4114 1507 4188; x_wconf 80' lang='lat' dir='ltr'><em>Miezae</em></span> <span class='ocrx_word' id='word_1_407' title='bbox 1545 4112 1640 4188; x_wconf 86' lang='lat' dir='ltr'><em>filiae</em></span> <span class='ocrx_word' id='word_1_408' title='bbox 1683 4110 1864 4212; x_wconf 82' lang='lat' dir='ltr'><em>quondam</em></span> 
     </span>
    </p>
   </div>
   <div class='ocr_carea' id='block_1_14' title="bbox 227 4208 989 4302">
    <p class='ocr_par' dir='ltr' id='par_1_14' title="bbox 227 4208 989 4302">
     <span class='ocr_line' id='line_1_70' title="bbox 227 4208 989 4302; baseline -0.001 -14"><span class='ocrx_word' id='word_1_409' title='bbox 227 4215 307 4290; x_wconf 86' lang='lat' dir='ltr'><em>dius</em></span> <span class='ocrx_word' id='word_1_410' title='bbox 334 4211 373 4287; x_wconf 90' lang='lat' dir='ltr'><em>in</em></span> <span class='ocrx_word' id='word_1_411' title='bbox 400 4208 573 4285; x_wconf 73' lang='lat' dir='ltr'><em>Trabiatu</em></span> <span class='ocrx_word' id='word_1_412' title='bbox 599 4208 641 4282; x_wconf 90' lang='lat' dir='ltr'><em>de</em></span> <span class='ocrx_word' id='word_1_413' title='bbox 678 4214 989 4302; x_wconf 86' lang='lat' dir='ltr'><em>Franco-Alodio,</em></span> 
     </span>
    </p>
   </div>
   <div class='ocr_carea' id='block_1_15' title="bbox 227 4311 990 4410">
    <p class='ocr_par' dir='ltr' id='par_1_15' title="bbox 227 4307 1013 4410">
     <span class='ocr_line' id='line_1_71' title="bbox 227 4311 990 4410; baseline -0.009 -17"><span class='ocrx_word' id='word_1_414' title='bbox 227 4315 268 4393; x_wconf 78' lang='lat' dir='ltr'><em>dc</em></span> <span class='ocrx_word' id='word_1_415' title='bbox 303 4312 470 4390; x_wconf 72' lang='lat' dir='ltr'><em>baluzius</em></span> <span class='ocrx_word' id='word_1_416' title='bbox 505 4312 544 4386; x_wconf 92' lang='lat' dir='ltr'><em>in</em></span> <span class='ocrx_word' id='word_1_417' title='bbox 582 4311 691 4386; x_wconf 84' lang='lat' dir='ltr'><em>Notis</em></span> <span class='ocrx_word' id='word_1_418' title='bbox 727 4312 769 4384; x_wconf 90' lang='lat' dir='ltr'><em>ad</em></span> <span class='ocrx_word' id='word_1_419' title='bbox 804 4315 990 4410; x_wconf 66' lang='lat' dir='ltr'><em>Capitulu-</em></span> 
     </span>
    </p>
   </div>
   <div class='ocr_carea' id='block_1_16' title="bbox 226 4412 991 5122">
    <p class='ocr_par' dir='ltr' id='par_1_16' title="bbox 226 4412 991 5122">
     <span class='ocr_line' id='line_1_72' title="bbox 228 4412 989 4512; baseline 0 -23"><span class='ocrx_word' id='word_1_420' title='bbox 228 4419 307 4490; x_wconf 88' lang='lat' dir='ltr'><em>ria.</em></span> <span class='ocrx_word' id='word_1_421' title='bbox 334 4421 453 4512; x_wconf 84' lang='lat' dir='ltr'><em>Quam</em></span> <span class='ocrx_word' id='word_1_422' title='bbox 480 4413 519 4490; x_wconf 93' lang='lat' dir='ltr'><em>in</em></span> <span class='ocrx_word' id='word_1_423' title='bbox 545 4439 619 4488; x_wconf 90' lang='lat' dir='ltr'><em>rem</em></span> <span class='ocrx_word' id='word_1_424' title='bbox 646 4412 793 4486; x_wconf 80' lang='lat' dir='ltr'><em>celebris</em></span> <span class='ocrx_word' id='word_1_425' title='bbox 819 4412 865 4486; x_wconf 84' lang='lat' dir='ltr'><em>est</em></span> <span class='ocrx_word' id='word_1_426' title='bbox 892 4414 989 4489; x_wconf 84' lang='lat' dir='ltr'><em>locris</em></span> 
     </span>
     <span class='ocr_line' id='line_1_73' title="bbox 229 4513 988 4617; baseline 0.005 -31"><span class='ocrx_word' id='word_1_427' title='bbox 229 4518 320 4612; x_wconf 85' lang='lat' dir='ltr'><em>apud</em></span> <span class='ocrx_word' id='word_1_428' title='bbox 345 4517 557 4617; x_wconf 85' lang='lat' dir='ltr'><em>Gregorium</em></span> <span class='ocrx_word' id='word_1_429' title='bbox 586 4513 827 4590; x_wconf 86' lang='lat' dir='ltr'><em>Turonensem</em></span> <span class='ocrx_word' id='word_1_430' title='bbox 856 4514 937 4590; x_wconf 87' lang='lat' dir='ltr'><em>Lib.</em></span> <span class='ocrx_word' id='word_1_431' title='bbox 952 4543 988 4616; x_wconf 82' lang='lat'><em>9.</em></span> 
     </span>
     <span class='ocr_line' id='line_1_74' title="bbox 229 4615 988 4712; baseline 0.003 -26"><span class='ocrx_word' id='word_1_432' title='bbox 229 4621 318 4712; x_wconf 86' lang='lat' dir='ltr'><em>Cap.</em></span> <span class='ocrx_word' id='word_1_433' title='bbox 349 4641 407 4691; x_wconf 86' lang='lat'><em>20.</em></span> <span class='ocrx_word' id='word_1_434' title='bbox 436 4617 612 4692; x_wconf 80' lang='lat' dir='ltr'><em>Historiae</em></span> <span class='ocrx_word' id='word_1_435' title='bbox 640 4624 761 4692; x_wconf 88' lang='lat' dir='ltr'><em>Franc.</em></span> <span class='ocrx_word' id='word_1_436' title='bbox 801 4615 861 4689; x_wconf 87' lang='lat' dir='ltr'><em>ubi</em></span> <span class='ocrx_word' id='word_1_437' title='bbox 903 4617 958 4690; x_wconf 88' lang='lat' dir='ltr'><em>ref</em></span> <span class='ocrx_word' id='word_1_438' title='bbox 974 4662 988 4673; x_wconf 94' lang='lat'><strong>·</strong></span> 
     </span>
     <span class='ocr_line' id='line_1_75' title="bbox 229 4717 989 4809; baseline 0.004 -20"><span class='ocrx_word' id='word_1_439' title='bbox 229 4735 355 4789; x_wconf 88' lang='lat' dir='ltr'><em>runtur</em></span> <span class='ocrx_word' id='word_1_440' title='bbox 382 4717 561 4809; x_wconf 64' lang='lat' dir='ltr'><em>pelliones</em></span> <span class='ocrx_word' id='word_1_441' title='bbox 582 4723 691 4791; x_wconf 89' lang='lat' dir='ltr'><em>Anno</em></span> <span class='ocrx_word' id='word_1_442' title='bbox 713 4721 989 4794; x_wconf 76' lang='lat' dir='ltr'><em>DLxxxvttt.</em></span> 
     </span>
     <span class='ocr_line' id='line_1_76' title="bbox 228 4813 990 4893; baseline -0.004 0"><span class='ocrx_word' id='word_1_443' title='bbox 228 4816 341 4893; x_wconf 87' lang='lat' dir='ltr'><em>initae</em></span> <span class='ocrx_word' id='word_1_444' title='bbox 379 4813 474 4889; x_wconf 89' lang='lat' dir='ltr'><em>inter</em></span> <span class='ocrx_word' id='word_1_445' title='bbox 511 4814 780 4891; x_wconf 84' lang='lat' dir='ltr'><em>Childebertum</em></span> <span class='ocrx_word' id='word_1_446' title='bbox 808 4815 847 4893; x_wconf 74' lang='grc' dir='ltr'>ἃ</span> <span class='ocrx_word' id='word_1_447' title='bbox 874 4823 990 4893; x_wconf 76' lang='lat' dir='ltr'><em>Gu‘nt-</em></span> 
     </span>
     <span class='ocr_line' id='line_1_77' title="bbox 230 4919 991 5015; baseline -0.004 -19"><span class='ocrx_word' id='word_1_448' title='bbox 230 4919 439 4996; x_wconf 85' lang='lat' dir='ltr'><em>cltramnutn</em></span> <span class='ocrx_word' id='word_1_449' title='bbox 481 4919 617 5015; x_wconf 80' lang='lat' dir='ltr'><em>Reges.</em></span> <span class='ocrx_word' id='word_1_450' title='bbox 672 4920 726 4989; x_wconf 84' lang='lat' dir='ltr'><em>En</em></span> <span class='ocrx_word' id='word_1_451' title='bbox 768 4923 897 4993; x_wconf 87' lang='lat' dir='ltr'><em>verba:</em></span> <span class='ocrx_word' id='word_1_452' title='bbox 942 4927 991 4993; x_wconf 87' lang='lat' dir='ltr'><em>De</em></span> 
     </span>
     <span class='ocr_line' id='line_1_78' title="bbox 226 5017 990 5122; baseline 0.001 -27"><span class='ocrx_word' id='word_1_453' title='bbox 226 5021 429 5097; x_wconf 79' lang='lat' dir='ltr'><em>Civitatibus</em></span> <span class='ocrx_word' id='word_1_454' title='bbox 467 5023 564 5113; x_wconf 81' lang='lat' dir='ltr'><em>utri,</em></span> <span class='ocrx_word' id='word_1_455' title='bbox 598 5018 652 5094; x_wconf 86' lang='lat' dir='ltr'><em>btc</em></span> <span class='ocrx_word' id='word_1_456' title='bbox 674 5017 745 5112; x_wconf 79' lang='lat' dir='ltr'><em>eli,</em></span> <span class='ocrx_word' id='word_1_457' title='bbox 781 5024 990 5122; x_wconf 74' lang='lat' dir='ltr'><em>Burdegull,</em></span> 
     </span>
    </p>
   </div>
   <div class='ocr_carea' id='block_1_17' title="bbox 1093 4213 1868 5198">
    <p class='ocr_par' dir='ltr' id='par_1_17' title="bbox 1093 4213 1868 5198">
     <span class='ocr_line' id='line_1_79' title="bbox 1098 4213 1867 4314; baseline -0.005 -27"><span class='ocrx_word' id='word_1_458' title='bbox 1098 4213 1291 4304; x_wconf 87' lang='lat' dir='ltr'><em>Johannis,</em></span> <span class='ocrx_word' id='word_1_459' title='bbox 1316 4215 1474 4314; x_wconf 81' lang='lat' dir='ltr'><em>Conjugi</em></span> <span class='ocrx_word' id='word_1_460' title='bbox 1502 4213 1578 4289; x_wconf 88' lang='lat' dir='ltr'><em>suae</em></span> <span class='ocrx_word' id='word_1_461' title='bbox 1606 4223 1767 4310; x_wconf 75' lang='lat' dir='ltr'><em>Quartam</em></span> <span class='ocrx_word' id='word_1_462' title='bbox 1791 4235 1867 4308; x_wconf 79' lang='lat' dir='ltr'><em>pur-</em></span> 
     </span>
     <span class='ocr_line' id='line_1_80' title="bbox 1099 4312 1867 4414; baseline 0 -28"><span class='ocrx_word' id='word_1_463' title='bbox 1099 4319 1214 4386; x_wconf 86' lang='lat' dir='ltr'><em>tiouem</em></span> <span class='ocrx_word' id='word_1_464' title='bbox 1262 4320 1303 4384; x_wconf 76' lang='lat' dir='ltr'><em>dt</em></span> <span class='ocrx_word' id='word_1_465' title='bbox 1341 4317 1486 4389; x_wconf 83' lang='lat' dir='ltr'><em>rmuiirus</em></span> <span class='ocrx_word' id='word_1_466' title='bbox 1530 4322 1617 4388; x_wconf 88' lang='lat' dir='ltr'><em>rebus</em></span> <span class='ocrx_word' id='word_1_467' title='bbox 1659 4312 1867 4414; x_wconf 82' lang='lat' dir='ltr'><em>proprietatis</em></span> 
     </span>
     <span class='ocr_line' id='line_1_81' title="bbox 1093 4416 1867 4518; baseline 0.004 -32"><span class='ocrx_word' id='word_1_468' title='bbox 1093 4418 1190 4507; x_wconf 84' lang='lat' dir='ltr'><em>suae.</em></span> <span class='ocrx_word' id='word_1_469' title='bbox 1233 4419 1339 4488; x_wconf 89' lang='lat' dir='ltr'><em>Nunc</em></span> <span class='ocrx_word' id='word_1_470' title='bbox 1375 4416 1412 4489; x_wconf 88' lang='lat' dir='ltr'><em>in</em></span> <span class='ocrx_word' id='word_1_471' title='bbox 1442 4422 1564 4517; x_wconf 88' lang='lat' dir='ltr'><em>Regno</em></span> <span class='ocrx_word' id='word_1_472' title='bbox 1593 4422 1867 4518; x_wconf 87' lang='lat' dir='ltr'><em>Neapolitano,</em></span> 
     </span>
     <span class='ocr_line' id='line_1_82' title="bbox 1101 4515 1868 4618; baseline 0.005 -29"><span class='ocrx_word' id='word_1_473' title='bbox 1101 4515 1286 4590; x_wconf 82' lang='lat' dir='ltr'><em>secundltm</em></span> <span class='ocrx_word' id='word_1_474' title='bbox 1330 4521 1443 4618; x_wconf 85' lang='lat' dir='ltr'><em>Leges</em></span> <span class='ocrx_word' id='word_1_475' title='bbox 1474 4522 1735 4616; x_wconf 63' lang='lat' dir='ltr'><em>Pragmatius,</em></span> <span class='ocrx_word' id='word_1_476' title='bbox 1776 4544 1868 4616; x_wconf 84' lang='lat' dir='ltr'><em>quae</em></span> 
     </span>
     <span class='ocr_line' id='line_1_83' title="bbox 1102 4617 1868 4720; baseline 0.003 -32"><span class='ocrx_word' id='word_1_477' title='bbox 1102 4619 1230 4691; x_wconf 82' lang='lat' dir='ltr'><em>mulier</em></span> <span class='ocrx_word' id='word_1_478' title='bbox 1263 4620 1364 4692; x_wconf 88' lang='lat' dir='ltr'><em>lucro</em></span> <span class='ocrx_word' id='word_1_479' title='bbox 1404 4617 1515 4691; x_wconf 90' lang='lat' dir='ltr'><em>dotali</em></span> <span class='ocrx_word' id='word_1_480' title='bbox 1557 4619 1767 4713; x_wconf 76' lang='lat' dir='ltr'><em>(Autefatta</em></span> <span class='ocrx_word' id='word_1_481' title='bbox 1803 4647 1868 4720; x_wconf 89' lang='lat' dir='ltr'><em>ap-</em></span> 
     </span>
     <span class='ocr_line' id='line_1_84' title="bbox 1103 4716 1867 4818; baseline 0.013 -31"><span class='ocrx_word' id='word_1_482' title='bbox 1103 4718 1271 4818; x_wconf 87' lang='lat' dir='ltr'><em>pellant)</em></span> <span class='ocrx_word' id='word_1_483' title='bbox 1310 4717 1382 4814; x_wconf 88' lang='lat' dir='ltr'><em>post</em></span> <span class='ocrx_word' id='word_1_484' title='bbox 1418 4717 1487 4789; x_wconf 84' lang='lat' dir='ltr'><em>viri</em></span> <span class='ocrx_word' id='word_1_485' title='bbox 1525 4738 1674 4791; x_wconf 89' lang='lat' dir='ltr'><em>mortem</em></span> <span class='ocrx_word' id='word_1_486' title='bbox 1705 4716 1773 4792; x_wconf 85' lang='lat' dir='ltr'><em>frui</em></span> <span class='ocrx_word' id='word_1_487' title='bbox 1803 4749 1867 4798; x_wconf 90' lang='lat' dir='ltr'><em>cu·</em></span> 
     </span>
     <span class='ocr_line' id='line_1_85' title="bbox 1102 4815 1864 4922; baseline 0.007 -32"><span class='ocrx_word' id='word_1_488' title='bbox 1102 4817 1185 4916; x_wconf 85' lang='lat' dir='ltr'><em>pit,</em></span> <span class='ocrx_word' id='word_1_489' title='bbox 1220 4819 1352 4890; x_wconf 88' lang='lat' dir='ltr'><em>crinem</em></span> <span class='ocrx_word' id='word_1_490' title='bbox 1380 4815 1442 4889; x_wconf 85' lang='lat' dir='ltr'><em>srbi</em></span> <span class='ocrx_word' id='word_1_491' title='bbox 1471 4816 1668 4895; x_wconf 84' lang='lat' dir='ltr'><em>abscindere</em></span> <span class='ocrx_word' id='word_1_492' title='bbox 1695 4823 1864 4922; x_wconf 86' lang='lat' dir='ltr'><em>jubetur,</em></span> 
     </span>
     <span class='ocr_line' id='line_1_86' title="bbox 1103 4915 1866 5017; baseline 0.004 -23"><span class='ocrx_word' id='word_1_493' title='bbox 1103 4945 1253 5017; x_wconf 92' lang='lat' dir='ltr'><em>eumque</em></span> <span class='ocrx_word' id='word_1_494' title='bbox 1293 4915 1392 5013; x_wconf 88' lang='lat' dir='ltr'><em>super</em></span> <span class='ocrx_word' id='word_1_495' title='bbox 1430 4919 1586 4997; x_wconf 75' lang='lat' dir='ltr'><em>defundii</em></span> <span class='ocrx_word' id='word_1_496' title='bbox 1615 4926 1734 4998; x_wconf 89' lang='lat' dir='ltr'><em>mariti</em></span> <span class='ocrx_word' id='word_1_497' title='bbox 1763 4927 1866 4997; x_wconf 87' lang='lat' dir='ltr'><em>locu·</em></span> 
     </span>
     <span class='ocr_line' id='line_1_87' title="bbox 1103 5026 1867 5126; baseline 0 -27"><span class='ocrx_word' id='word_1_498' title='bbox 1103 5026 1180 5100; x_wconf 90' lang='lat' dir='ltr'><em>lum</em></span> <span class='ocrx_word' id='word_1_499' title='bbox 1207 5047 1436 5124; x_wconf 87' lang='lat' dir='ltr'><em>componere.</em></span> <span class='ocrx_word' id='word_1_500' title='bbox 1477 5026 1595 5126; x_wconf 79' lang='lat' dir='ltr'><em>Hujus</em></span> <span class='ocrx_word' id='word_1_501' title='bbox 1638 5026 1746 5102; x_wconf 86' lang='lat' dir='ltr'><em>morit</em></span> <span class='ocrx_word' id='word_1_502' title='bbox 1782 5027 1867 5099; x_wconf 88' lang='lat' dir='ltr'><em>nul·</em></span> 
     </span>
     <span class='ocr_line' id='line_1_88' title="bbox 1737 5125 1814 5198; baseline 0 -1"><span class='ocrx_word' id='word_1_503' title='bbox 1737 5125 1814 5198; x_wconf 84' lang='lat' dir='ltr'><em>lunt</em></span> 
     </span>
    </p>
   </div>
   <div class='ocr_carea' id='block_1_18' title="bbox 0 0 2113 6004">
    <p class='ocr_par' dir='ltr' id='par_1_18' title="bbox 0 0 2113 6004">
     <span class='ocr_line' id='line_1_89' title="bbox 0 0 2113 6004; baseline 0 0"><span class='ocrx_word' id='word_1_504' title='bbox 0 0 2113 6004; x_wconf 95' lang='lat' dir='ltr'><em> </em></span> 
     </span>
    </p>
   </div>
  </div>
 </body>
</html>
