4216 6014
274 371 479 533 imbuta
506 338 760 553 Reiduiiiiddel
772 340 993 535 offleii?
1018 335 1211 530 ΑΜηξδξ
1231 330 1449 554 'aprtpaelidtug
1462 334 1547 543 'dente
1584 453 1621 522 le
1653 341 1835 525 Seniiielzlc
1847 506 1865 542 .

225 552 354 654 scripta
395 563 504 632 Anno
549 564 830 635 MCCLXXXI.
878 586 985 658 quam

207 652 315 744 ⁵infra
356 658 446 733 dabo
485 660 525 734 in
567 661 746 735 Differtat.
788 667 902 735 XXX.
945 667 984 735 de

223 761 429 846 Mercatura,
456 780 583 857 petunt
601 765 818 838 Mercatores
846 769 983 839 Lucen-

224 854 275 931 ses
289 907 302 939 ‚
339 882 376 933 ut
410 869 580 947 Commune
615 864 747 935 Fc'nalir
788 866 985 950 Mutinenfic

1094 557 1165 648 sare
1190 558 1220 626 Ie
1241 558 1399 651 guardie,
1426 553 1511 629 idest
1536 551 1725 634 excubias,
1748 551 1864 628 custo-

1099 657 1205 756 dias)
1232 656 1391 756 Angacia
1428 651 1617 754 personalia
1652 672 1747 728 erat.
1781 651 1867 727 Ad·

1097 756 1167 832 huc
1202 759 1292 856 apud
1329 755 1550 832 Mutinensea
1581 754 1715 830 dicitur
1744 752 1802 844 far
1827 756 1866 826 le

1092 860 1239 956 guaiae,
1285 885 1393 958 quum
1435 859 1515 956 quis
1556 854 1705 933 intentis
1744 853 1864 931 oculis

221 958 335 1029 debeat
368 968 445 1032 dare
478 985 534 1057 pro
558 989 661 1033 eorum
690 964 858 1052 securitate
893 974 999 1039 Tam
1101 959 1290 1044 observat,
1332 987 1375 1034 an
1414 959 1545 1049 homo,
1582 954 1763 1046 volucris,
1799 969 1866 1029 aut

216 1057 289 1150 sam
314 1089 335 1132 a
361 1063 478 1134 Finali
503 1065 596 1160 usqae
618 1068 805 1137 Bondenum
823 1096 890 1139 cum
909 1072 981 1140 bur-

221 1160 310 1229 cletlo
353 1189 414 1233 uno
454 1162 616 1258 (italice
657 1167 895 1264 Burchiello)
935 1168 983 1249 d?

221 1285 290 1330 cum
332 1263 509 1336 haminibus
542 1265 704 1340 armatis.
747 1269 838 1344 Heic
874 1270 984 1356 Tutela

220 1354 316 1433 idem
343 1362 457 1437 ‘fuiffe
498 1362 670 1456 videtur,
711 1393 752 1442 ac
792 1369 894 1443 nobis
936 1371 982 1443 est
1022 1359 1048 1427 Β

220 1465 352 1548 Scene,
380 1484 442 1539 aut
467 1466 636 1562 pofefflioc
661 1494 732 1564 quo
757 1468 852 1545 sensu
871 1470 979 1544 etiam

219 1563 341 1654 tensare
360 1567 449 1662 apud
472 1569 724 1667 Du·Cangium
746 1568 978 1646 defendere&

219 1682 402 1763 protegere
429 1664 620 1766 fignificat.
649 1671 802 1744 Fortaffe
830 1675 917 1764 censa
940 1699 979 1746 ac

218 1768 312 1855 cansa
331 1767 424 1841 idern
453 1767 713 1870 fignificacunt.
740 1773 981 1864 Tensamencum

219 1871 304 1939 vero
331 1869 457 1943 tributi
494 1895 602 1970 genua
637 1870 734 1953 fuit,
769 1874 864 1971 quod
889 1875 977 1948 olim

215 1963 468 2042 exsolvebatur
504 1996 567 2055 pro
606 1970 828 2065 protectione
862 1975 979 2048 domi·

216 2065 302 2138 nis.
341 2069 448 2167 Apud
489 2068 689 2146 Historicoe
751 2101 866 2174 unque
901 2076 980 2151 Bri-

216 2183 345 2242 tannos
371 2171 526 2245 occurrit
561 2171 685 2247 eodem
721 2100 748 2247 d

737 2174 818 2250 ensu
854 2178 1000 2269 Tense‚·

1100 1063 1245 1160 aliquod
1283 1060 1380 1135 aliud
1417 1059 1549 1134 animal
1587 1077 1796 1155 moveatur.
1829 1058 1866 1129 1·

1098 1162 1175 1236 dem
1197 1164 1292 1235 enim
1316 1161 1362 1235 est
1389 1163 1502 1234 Waica
1520 1158 1559 1236 ἃ
1579 1160 1721 1240 Guaica,
1749 1168 1866 1255 quum

1099 1265 1181 1339 Itali
1205 1268 1254 1338 W
1277 1262 1528 1338 Germanicum
1555 1280 1689 1336 verrere
1716 1255 1864 1335 consue·

1098 1365 1216 1440 verint
1242 1367 1281 1439 in
1318 1371 1389 1440 GU.
1427 1363 1483 1438 seu
1509 1368 1579 1438 GV.
1616 1360 1794 1436 Ferrarius
1821 1356 1865 1435 iu

1098 1467 1199 1564 Orig.
1241 1469 1322 1540 Ital.
1359 1463 1476 1540 censet
1512 1486 1635 1537 vocem
1672 1470 1867 1557 Agaccoa

1097 1568 1231 1640 Latino
1257 1564 1455 1638 accubitatus
1479 1585 1598 1637 natam
1626 1560 1746 1635 stride.
1775 1559 1867 1636 Me·

1096 1665 1219 1765 nagius
1250 1665 1462 1739 vocabulum
1492 1669 1639 1736 Guacare
1668 1686 1731 1760 pro
1766 1659 1868 1758 aspi·

1095 1793 1171 1841 cere
1205 1766 1344 1841 derivat
1370 1791 1389 1837 a
1416 1762 1716 1839 Latino-barbaro
1751 1781 1868 1832 carra·

1096 1894 1153 1951 re,
1188 1871 1222 1941 δι
1260 1894 1280 1940 a
1315 1871 1457 1937 Guatnre
1480 1873 1641 1958 Agucrc.
1680 1859 1867 1937 Ferrarius

1096 1988 1219 2043 contra
1244 1974 1386 2040 Guetare
1412 1965 1556 2039 deducit
1582 1990 1602 2035 a
1627 1963 1765 2050 uidere,
1800 1963 1864 2033 vi·

1091 2070 1209 2152 lirare.
1235 2064 1467 2155 Mirumffest,
1504 2063 1587 2162 quei
1615 2080 1733 2136 rancor
1759 2059 1864 2137 viror

1096 2169 1227 2270 fugerit
1263 2169 1386 2242 harum
1423 2190 1552 2256 vocum
1584 2186 1748 2263 germana
1782 2162 1867 2243 oria

217 2264 257 2341 ἃ
284 2270 450 2363 Tensecie.
480 2270 690 2348 Hickefium
718 2275 756 2349 in
783 2281 980 2353 Grammat.
1018 2288 1049 2360 c
1095 2297 1166 2370 go.
1200 2278 1337 2366 Aguan
1363 2296 1385 2340 a
1413 2267 1527 2339 Waica
1552 2263 1766 2339 Germanica
1791 2280 1861 2337 vo-

1097 2397 1158 2461 ce,
1195 2368 1263 2444 stre
1288 2371 1412 2443 Gaaicc
1437 2385 1557 2441 ortum
1593 2363 1660 2441 est.
1695 2362 1864 2447 Scan-d

1095 2473 1249 2546 Guaieam
1275 2489 1410 2545 veteres
1436 2468 1577 2542 dixere:
1617 2464 1743 2539 Italice
1774 2462 1863 2551 stare

1095 2604 1117 2647 a
1142 2580 1269 2646 Gnate·
1299 2570 1565 2667 hinnu-Agunia,
1591 2565 1646 2645 uti
1672 2568 1716 2647 ἃ,
1733 2571 1865 2647 ΒΜΔ,-

1096 2701 1149 2764 re,
1175 2635 1271 2770 quod
1296 2669 1520 2746 Mutinenses
1547 2656 1869 2766 ajunt-'sgrcae'rcceg¹

1096 2801 1160 2874 pro
1200 2774 1352 2848 intentis
1391 2773 1506 2850 oculis
1528 2789 1666 2843 motus
1707 2766 1862 2869 alicuius

216 2372 489 2469 Anglo-Saxon.
526 2373 646 2447 testem
677 2373 808 2451 habeo.
846 2378 980 2479 Ughel·

214 2469 286 2542 lius
314 2497 454 2571 quoque
492 2473 530 2546 in
558 2470 722 2573 Episcop.
750 2478 980 2553 salernitanis

217 2591 392 2644 memorat
431 2574 674 2660 Audiendum,
717 2577 844 2651 tributi
881 2580 981 2674 cuju·

216 2667 311 2741 sdam
336 2696 470 2772 genus3
498 2671 602 2747 &in
630 2673 793 2775 Episcop.
819 2675 981 2752 Cannen.

209 2767 283 2854 fine
316 2773 426 2862 calrao
461 2772 637 2868 (calcario
671 2773 727 2849 seu
762 2778 895 2851 calcario
928 2782 979 2852 le-

215 2867 369 2968 gendum
396 2870 471 2975 est)
498 2873 548 2954 ψ’
581 2873 779 2969 affidatuu,
814 2876 862 2960 (θ’
896 2881 982 2952 omni

208 2969 286 3067 jure
312 2971 504 3065 tributario..
532 2977 629 3049 Num
657 2979 874 3072 Camurium,
911 2979 980 3055 five

216 3071 340 3171 potius
376 3076 526 3148 Calcaria
560 3075 690 3152 tributi
735 3077 866 3176 species
910 3079 981 3156 tuit

1096 2878 1187 2950 clam
1215 2872 1445 2967 perscrutari.
1473 2877 1527 2946 Ita
1549 2870 1691 2943 Gallica
1718 2868 1863 2968 Lingua

1095 2975 1200 3050 habet
1222 2982 1336 3063 βασι,
1372 2974 1447 3062 estre
1471 3003 1514 3047 au
1540 2979 1642 3044 Guec.
1669 2969 1787 3045 Venio
1813 2969 1863 3045 ad

1096 3077 1269 3172 Plobegum
1295 3074 1515 3151 Veronense.
1553 3071 1707 3146 Fortaiie
1742 3070 1864 3147 tribu·

216 3197 281 3272 pro
308 3176 383 3273 jure
410 3176 610 3275 coquendae
645 3180 780 3256 calcis?
815 3182 979 3257 Mentio·
1019 3191 1052 3259 D
1096 3198 1172 3254 tum
1200 3177 1280 3252 suit·
1296 3176 1535 3275 colligendum
1556 3201 1601 3247 ex
1629 3172 1757 3251 bobus,
1784 3169 1863 3244 sive

115 3303 117 3306 ⁴
212 3300 294 3348 nem
332 3276 422 3352 facit
457 3279 550 3353 idem
590 3280 780 3378 Ughellius
815 3283 853 3356 in
890 3284 978 3382 Epi·

213 3374 327 3474 scopis
371 3378 573 3453 Casertanis
611 3384 652 3450 de
695 3385 840 3455 calcariis
878 3406 979 3457 terra-

211 3499 314 3556 rum:
348 3479 383 3546 8<
411 3478 500 3548 alibi
537 3477 580 3548 de
605 3481 766 3571 'calgaric's
801 3503 979 3554 tertarum.

215 3577 258 3646 ln
286 3570 506 3672 Capitulini·
530 3574 663 3647 sicardi
701 3579 877 3674 Principis
914 3585 979 3656 Be-

214 3674 408 3768 neventani
451 3677 573 3747 Tomo
619 3677 666 3749 ΙΙ.
714 3683 784 3752 Rer
824 3681 978 3756 Italicae.

213 3771 401 3863 statuitur,
427 3795 464 3845 ccc
489 3776 584 3848 nulla
609 3803 695 3850 nava
717 3780 899 3866 consuetudo
919 3785 979 3854 im-

139 3932 141 3936 .
212 3894 377 3972 ponatur,
412 3882 540 3970 excepti
574 3879 736 3976 antiqui,
771 3883 824 3954 boc
858 3883 901 3970 eli
930 3909 978 3955 re·

208 3974 456 4071 sponsarum,
497 3977 544 4057 &¹
583 3984 761 4076 angarias,
798 3986 843 4055 (9‘
875 3987 978 4058 calca-

215 4077 301 4150 rias.
331 4077 389 4151 Ad
414 4077 485 4151 alia
513 4080 796 4177 progrediamur,
823 4085 975 4175 nimium
1015 4082 1043 4151 Ε

216 4177 348 4279 quippe
383 4178 429 4254 est
471 4178 531 4253 hic
567 4205 648 4278 ager
685 4182 894 4261 foecundus.
935 4192 976 4260 In

217 4283 350 4357 Charta
389 4279 578 4356 Veronensi
608 4283 707 4357 Anni
747 4287 903 4361 MCXL.
940 4314 976 4360 e·

216 4383 291 4456 diri
317 4411 336 4457 a
362 4380 634 4484 diligentiffimo
660 4388 902 4483 campagnola
938 4387 976 4458 in

216 4485 460 4582 Prolegomen.
496 4485 538 4560 ad
583 4487 730 4586 antiqua
771 4486 977 4571 Veronenfis

216 4579 331 4654 Urbis
358 4589 519 4676 statuta,
542 4594 714 4683 Commune
736 4590 777 4661 de
796 4594 903 4659 soavo
928 4616 976 4659 re-

72 4685 76 4694 '
214 4680 302 4765 mistr
326 4685 431 4756 omnia
453 4688 615 4775 seruicia,
638 4692 758 4780 scilicet
784 4690 976 4778 Pindarum,

214 4784 258 4854 θ
293 4783 453 4865 Daciam,
490 4785 537 4864 ῤ’
575 4791 727 4863 Waitas.
762 4795 839 4878 Jam
878 4788 975 4884 supra

214 4883 327 4960 sermo
361 4882 432 4958 fuit
467 4884 511 4960 de
547 4888 682 4975 Dacia,
716 4889 812 4984 quod
847 4889 975 4965 tributi

217 4985 413 5088 pecuniarii
439 5013 547 5092 genus
583 4984 677 5065 fuir.
712 4990 827 5065 Waicc
852 4992 975 5092 (nunc

1096 3280 1198 3353 terris
1217 3278 1405 3359 aratoriis,
1432 3277 1486 3352 uti
1505 3276 1596 3373 apud
1621 3273 1746 3347 Gallos
1760 3276 1874 3363 ‚frua

1097 3382 1288 3475 mencaginm
1325 3378 1419 3462 fuir,
1454 3381 1489 3451 ἃ
1516 3376 1764 3471 Canaceginnc.
1803 3389 1863 3447 at·

1097 3509 1164 3578 que
1192 3482 1370 3575 Hidcgium
1405 3479 1495 3578 apud
1526 3478 1682 3576 Anglos.
1718 3475 1860 3547 Planum

1096 3581 1215 3662 enim,
1251 3599 1290 3652 ur
1317 3579 1395 3652 dixi
1431 3580 1469 3652 in
1508 3582 1617 3651 Notis
1643 3575 1686 3649 ad
1721 3579 1860 3674 Legem

1099 3684 1183 3776 293.
1221 3680 1419 3771 Rotharic‚
1462 3683 1555 3753 Part.
1594 3681 1641 3751 li.
1678 3676 1790 3750 Tomi
1828 3679 1860 3750 1.

1098 3785 1177 3854 Rer.
1220 3781 1423 3855 Italicarum
1453 3781 1467 3873 i
1484 3809 1502 3855 a
1538 3777 1781 3861 Germanica.
1815 3795 1863 3853 ut

1097 3882 1258 3971 videtur,
1286 3908 1373 3955 voce
1399 3884 1535 3954 Plcwen
1557 3879 1750 3979 profestum
1766 3879 1780 3978 )
1799 3886 1862 3953 A·

1094 4004 1215 4055 carrum
1242 3980 1480 4081 significabat,
1516 3983 1609 4076 quod
1643 3983 1741 4053 Pioeu
1766 3982 1858 4054 Gal·

1095 4084 1165 4157 lica
1190 4084 1414 4186 diphtongo,
1441 4103 1502 4160 aut
1527 4080 1728 4172 Piod‚,five
1754 4081 1860 4166 Pice,

1095 4185 1211 4260 rustici
1239 4186 1343 4262 nostri
1379 4186 1492 4261 adhuc
1520 4185 1721 4287 appellant.
1757 4183 1860 4282 Pflug

1095 4288 1261 4360 Germani
1311 4289 1464 4388 dicunt3
1506 4286 1570 4360 Sed
1610 4285 1700 4384 apud
1746 4289 1860 4359 Saxo-

1094 4415 1206 4475 num,
1250 4392 1453 4471 Danorum,
1489 4385 1529 4462 &
1566 4392 1861 4462 Normannorum

1095 4487 1190 4563 filios
1227 4492 1446 4570 Brirannos‚
1481 4495 1607 4561 Aram
1642 4512 1770 4560 nomen
1810 4487 1865 4564 est

1094 4590 1245 4684 Plougb,
1271 4588 1311 4665 ἃ
1339 4596 1463 4678 Plora,
1498 4588 1593 4686 quod
1619 4586 1713 4661 idem
1742 4584 1787 4658 est
1815 4614 1862 4666 ac

1094 4688 1243 4763 nostrum
1266 4694 1349 4763 Piod
1371 4691 1427 4765 seu
1446 4691 1563 4761 Pioeu.
1590 4693 1697 4787 Saepe
1725 4693 1757 4758 V
1771 4714 1861 4763 con·
1929 4768 1948 4800 ·

1095 4789 1218 4864 sonans
1254 4791 1291 4863 in
1327 4799 1361 4864 Β
1396 4793 1625 4865 immutatum
1667 4789 1830 4866 videmus
1843 4843 1859 4879 ‚

1094 4891 1186 4966 itaut
1221 4891 1315 4990 quod
1351 4892 1389 4967 in
1426 4892 1567 4987 Lingua
1606 4892 1746 4994 vulgari
1781 4914 1861 4970 erat

1036 5003 1066 5089 ,1
1099 4993 1259 5096 Ρῖονθεο,
1286 4995 1418 5074 Latine
1445 4985 1621 5074 redditum
1648 4994 1754 5069 fuerit
1780 4995 1863 5064 Ple·

1666 5100 1777 5196 begucu
1790 5144 1803 5168 .
