4216 6014
237 321 324 432 267'
538 309 1459 432 nuvruurrmuonauur
1668 313 1756 419 urs

173 430 244 510 liae
262 437 297 508 &
317 430 413 508 casae
430 450 718 525 numerarentur,
737 452 826 532 quot
845 456 939 507 nunc
970 438 1006 512 A
1052 453 1158 528 tum,
1186 434 1325 534 inquo
1350 436 1444 514 ferae
1468 434 1512 512 ad
1537 434 1687 533 venandi
1715 434 1819 509 usum

174 534 215 611 in
254 534 403 609 ltalicis·
423 531 519 608 arvis
551 532 789 632 inspicimur.
827 537 940 608 Erant
1051 561 1154 612 muro
1178 537 1424 615 circumdudlo
1447 539 1649 615 alebantur:
1666 544 1817 616 :Parma

164 635 271 712 'enim
300 634 346 710 iis
365 635 520 709 Saeculis
546 633 744 733 frequentes
763 635 854 732 apud
874 661 938 709 nos
1049 640 1270 736 appellavere
1289 639 1512 740 posteriores.
1530 639 1622 714 Vide
1643 636 1819 713 Romual·

173 763 247 812 non
279 737 319 811 io
335 798 339 804 .
356 735 537 810 montibus
563 754 703 811 tantum
739 734 797 811 sed
831 734 871 812 ἃ
897 739 936 811 in
1047 739 1085 812 di
1114 738 1327 815 Salernitani
1355 741 1563 821 Chronicou
1592 740 1635 813 ad
1663 743 1812 812 Annum

171 836 348 939 planitie,
368 836 483 927 Luci,
504 838 644 930 Silvae,
665 843 843 914 Nemora.
866 845 935 911 Ga·
1046 843 1227 919 Mcuu.
1261 845 1383 917 Tomo
1418 836 1503 919 Vll.
1536 845 1672 917 Rerum
1709 837 1814 917 ltali-

167 937 266 1040 jum,
291 938 453 1030 Gauium,
488 939 656 1036 sagium,
691 941 872 1019 Waldum.
898 941 934 1012 δε
1045 966 1187 1016 carum.
1215 946 1256 1017 In
1282 939 1704 1044 capitularihuocnoli
1729 938 1814 1015 Mar

169 1043 360 1129 Gualdum,
386 1037 533 1112 nomine
558 1067 578 1114 e
603 1041 816 1116 Germanica
846 1040 934 1115 Lin-
1043 1041 1105 1138 gni
1126 1045 1227 1117 Anni
1253 1047 1399 1125 DCCC.
1424 1040 1649 1117 habnnuns
1675 1041 1810 1126 nolim.

169 1168 238 1242 gua
264 1141 454 1230 derivato,
490 1139 549 1215 cui
576 1140 615 1216 in
641 1139 704 1217 usu
729 1141 777 1215 est
805 1142 933 1230 Wald,
1042 1167 1118 1238 quor
1142 1145 1292 1241 Brogrlor
1325 1144 1446 1240 uulgus
1481 1164 1600 1215 vocar.
1635 1131 1811 1215 Attamen

168 1260 256 1316 tunc
291 1241 400 1316 etiam
437 1243 659 1340 appellavere
694 1249 845 1316 Nemus:
879 1259 933 1314 at·
1042 1241 1132 1340 apud
1161 1243 1458 1331 Mediolanenses.
1474 1243 1630 1325 Brrllm'
1649 1267 1715 1341 pto
1742 1235 1814 1315 Ἦν·

167 1367 237 1443 que
263 1370 304 1417 ea
331 1369 403 1418 vox
429 1369 451 1417 a
477 1343 720 1443 Langobardis
749 1343 933 1438 praecipue
965 1354 995 1426 Β
1041 1342 1174 1418 ridatio
1200 1345 1257 1421 seu
1286 1345 1452 1421 Pomario
1478 1369 1572 1423 nunc
1598 1341 1812 1442 usurpatur}

167 1445 357 1544 usurpata.
383 1445 490 1543 Apud
518 1445 732 1541 Ugbellium
760 1446 869 1518 Tom.
898 1448 932 1519 8.
1041 1441 1080 1519 ἃ
1111 1445 1203 1544 apud
1231 1444 1455 1529 Mutinenles
1484 1446 1596 1519 Brulla
1630 1443 1676 1517 cll
1712 1445 1814 1519 locus

166 1546 251 1626 Ital.
279 1550 372 1621 Sacr.
398 1545 438 1621 in
457 1543 725 1643 Arcbiepiscop.
751 1545 931 1622 Beneven-
1039 1546 1224 1621 arboribus
1250 1547 1433 1644 pomiferis
1460 1546 1634 1634 coalitus,
1660 1541 1701 1618 δι
1730 1568 1816 1619 mu·.

165 1662 241 1722 tan.
278 1645 425 1721 Aricbis
463 1646 628 1739 Princeps
659 1646 860 1722 Beneventi
892 1645 932 1723 in
1039 1671 1080 1721 ro
1099 1664 1162 1720 aut
1180 1648 1264 1746 lepe
1280 1646 1456 1735 circumse
1481 1665 1554 1722 tus.
1576 1643 1813 1729 viduetur·

165 1748 301 1827 Charta
325 1746 545 1823 fundationis
566 1744 607 1824 dt
631 1746 829 1823 dotationis
848 1751 933 1823 Mo·
1022 1765 1115 1819 tam
1150 1746 1337 1821 Adelberti
1375 1672 1541 1847 Epiliopi
1582 1743 1815 1842 Bergomatit

165 1847 305 1924 nasterii
333 1848 479 1924 Sandlae
503 1849 654 1945 Sophiae
677 1853 789 1925 Auno
814 1852 935 1931 DCC·
1043 1851 1153 1919 Auno
1172 1850 1441 1937 peccetur.
1483 1848 1650 1947 scriptam
1689 1846 1815 1919 Torua

165 1954 340 2028 LxxIV.
364 1951 515 2050 largitur
538 1950 711 2035 Ecclesiam
731 1949 849 2025 sardii
871 1942 934 2023 Pe-

166 2054 240 2133 rri,
266 2078 347 2149 quae
371 2050 543 2144 aedificata
569 2053 604 2125 ia
629 2054 713 2127 Galo
728 2103 842 2127 .....
870 2057 935 2124 Ec-

167 2152 293 2240 clesiam
316 2153 433 2227 Sardi
453 2153 616 2245 Aturus,
638 2181 719 2251 quaa
735 2150 805 2240 lira
831 2153 873 2241 cll
899 2156 935 2225 iu

1042 1950 1108 2021 Ν.
1135 1947 1217 2021 Ital.
1242 1950 1388 2037 Sacrae,
1418 1945 1482 2021 ubi
1507 1948 1578 2040 cala
1603 1971 1671 2018 eum
1697 1945 1811 2019 Brolit
1900 2013 1910 2045 ‚

1041 2075 1104 2121 uuo
1129 2068 1254 2120 tenente
1280 2074 1350 2122 cuna
1383 2074 1472 2120 muro
1502 2049 1726 2140 circumdata,
1753 2047 1813 2140 [aa

1019 2148 1232 2223 ‘arboribus.
1268 2152 1371 2241 Quae
1406 2148 1531 2223 omnia
1567 2148 1727 2224 indicare
1755 2145 1815 2231 vla,

152 2257 253 2347 ,Galo
277 2254 378 2343 rastra
401 2256 519 2331 Paliae
539 2254 613 2336 &a
640 2261 689 2329 Er
713 2284 752 2328 ear
777 2256 842 2351 ipso
867 2261 936 2329 Ga·
966 2254 1002 2333 C
1042 2251 1190 2340 dentur,
1227 2252 1384 2322 Brolium.
1405 2245 1621 2350 appellatam
1649 2246 1813 2335 ivilina·⁵

169 2358 308 2431 lorircae
343 2356 445 2450 ipsam
470 2357 643 2442 Eccleliam
681 2358 798 2453 largiri
826 2356 937 2449 sumus

169 2459 207 2531 ira
234 2459 429 2544 Monallerio
462 2456 604 2533 Saudlae
636 2460 777 2549 sophae
810 2458 937 2528 terriso-

172 2562 256 2632 rium
282 2559 484 2654 longitudine
517 2558 676 2630 milliaria
701 2561 785 2650 duo,
820 2561 937 2630 latiru-

171 2663 247 2732 dr'ur
268 2686 370 2732 arnum
395 2660 469 2739 &a
498 2665 547 2732 Et
576 2659 766 2751 eonceffirrus
793 2660 937 2731 nomina·

172 2782 205 2831 ro
238 2759 377 2834 santiae
410 2759 546 2850 Sophiae
571 2758 766 2846 Monalleriu
800 2787 838 2830 ex
873 2759 938 2856 ipso

171 2866 256 2936 cato
290 2861 423 2933 Merula
457 2859 617 2934 milliaria
650 2860 837 2950 duodecim,
864 2860 937 2940 &a

171 2968 261 3039 Sunt
285 2961 340 3039 ibi
365 2963 401 3037 dc
436 2960 506 3037 alia
535 2959 706 3061 ejusmodi
737 2964 840 3036 loca:
881 2959 937 3034 sed

136 3080 138 3084 ’
170 3065 303 3165 ubique
325 3063 513 3165 legendum
539 3063 681 3139 videtur
698 3063 801 3153 Gaio.
829 3062 937 3156 Quod

1040 2351 1095 2451 gri
1123 2349 1326 2451 portionem
1363 2351 1547 2426 arboribus
1583 2369 1746 2427 ornatam
1770 2351 1808 2428 ἃ

1041 2477 1144 2528 muro
1170 2450 1353 2543 cinnam,
1378 2451 1448 2528 five
1476 2454 1527 2528 ibi
1556 2453 1656 2536 ferae.
1676 2454 1812 2535 aleren-
1839 2498 1842 2504 ·

1041 2573 1121 2642 tur,
1147 2551 1217 2629 five
1243 2580 1336 2629 non.
1364 2559 1412 2628 Et
1439 2554 1518 2629 lane
1545 2554 1692 2635 santius
1719 2555 1822 2633 Hie*

1040 2680 1210 2748 ronymus
1235 2655 1272 2728 in
1297 2659 1385 2754 Cap.
1407 2681 1442 2754 3.
1470 2656 1649 2735 Ezechiel.
1663 2662 1814 2751 mrim,

1042 2755 1132 2831 unde
1168 2756 1391 2835 efformatum
1429 2756 1499 2837 fuit
1534 2757 1687 2836 nostrum
1728 2767 1810 2834 Bra-

1040 2859 1121 2929 lium
1151 2858 1184 2929 dr
1216 2861 1388 2947 Broilum,
1427 2848 1811 2960 interpretatur‘viulr-

1041 2961 1129 3030 rium‘
1163 2959 1220 3033 vel
1259 2961 1431 3052 conclusum
1470 2964 1570 3034 loram
1635 2961 1813 3041 Oaavim

1041 3059 1219 3134 Ferrarius
1254 3061 1401 3152 locum,
1437 3061 1477 3136 in
1515 3087 1618 3162 quem
1659 3062 1813 3146 Patulcii

170 3167 233 3245 ubi
276 3167 429 3258 statuas,
474 3165 559 3241 binc
598 3163 821 3260 ediscimus,
865 3165 936 3264 jam
967 3162 1002 3232 D
1041 3160 1173 3238 Veneti
1200 3163 1421 3238 conveniunt
1446 3161 1488 3237 ad
1515 3161 1811 3262 pertradlanduna

170 3271 398 3370 praegrandes
428 3265 509 3345 illas
539 3265 641 3343 siluas
667 3286 809 3364 coeptas
836 3264 937 3340 fuisse

168 3371 352 3460 exscindi,
388 3370 512 3468 ibique
547 3367 668 3442 sensum
695 3368 787 3441 casas
814 3367 936 3442 aedifi-

1040 3264 1083 3338 de
1110 3262 1283 3337 bonorum
1317 3263 1524 3362 petitione,
1544 3265 1587 3339 dt
1620 3284 1811 3347 munerum

1041 3364 1265 3464 publicorum
1301 3364 1574 3454 distributione,
1597 3363 1690 3450 ,ideo
1726 3370 1813 3449 Bra,-

169 3490 286 3545 catas.
326 3473 368 3544 In
405 3469 613 3565 Diplomate
648 3465 777 3545 Caroli
807 3466 872 3543 Ma
898 3469 937 3543 ni
1035 3470 1107 3562 glr'o
1139 3467 1355 3562 appellatum
1392 3467 1611 3558 arbitratur,
1647 3466 1812 3566 quod-is

168 3573 281 3645 Anno
322 3570 594 3645 nchxxxt.
617 3558 722 3638 'dato
763 3495 937 3642 Ecclebae
964 3606 968 3616 ·

168 3666 332 3769 Regiensr
357 3666 448 3766 apud
473 3662 633 3739 eumdem
658 3664 868 3764 Ughellium
897 3667 935 3742 in

166 3768 379 3871 Appendice
395 3768 507 3846 Tomi
523 3770 570 3841 V.
589 3765 670 3843 Ital.
691 3771 783 3841 Sacr.
803 3765 845 3840 de
864 3795 936 3865 quo

99 3919 100 3923 =
166 3897 270 3974 agam
290 3868 329 3948 δι
349 3897 416 3972 ego
435 3867 527 3944 infra
548 3866 587 3942 iu
610 3868 750 3944 Differt.
767 3873 934 3946 xxxlv.

97 4000 99 4005 ’
164 3979 206 4049 ale
235 3972 450 4071 Diplomarir‚
479 3989 696 4047 memoratur
720 3969 842 4065 Gaium
879 3999 935 4044 no·

1041 3571 1139 3641 locus
1158 3578 1306 3661 raptam.
1328 3567 1385 3644 seu
1407 3570 1506 3643 locus
1523 3566 1704 3645 arboribus
1722 3593 1812 3644 con-

1042 3664 1125 3743 sutus
1150 3666 1275 3744 soret,
1294 3670 1359 3746 Sed
1388 3670 1694 3770 perpendendum,
1718 3695 1806 3746 num

1042 3767 1132 3843 forte
1155 3767 1240 3846 inde
1261 3791 1386 3847 natum
1406 3796 1536 3858 nornen
1564 3770 1695 3864 fuerit,
1712 3769 1812 3892 quod

1041 3868 1093 3944 ibi
1122 3868 1184 3944 fiat
1211 3874 1373 3969 Broglr‘o,
1409 3872 1465 3949 seu
1494 3875 1689 3972 imbroglr'o,
1724 3871 1814 3951 rdest

1042 3969 1194 4063 confilia
1221 3971 1422 4066 ineantur,
1463 3975 1499 4048 dc
1534 3974 1718 4084 colloquia
1754 3974 1815 4052 ri-

160 4076 289 4167 llrum,
324 4080 408 4174 quod
442 4073 477 4144 in
504 4073 654 4153 Luiaria
681 4072 847 4168 ‚conjeram
881 4073 930 4154 ὅγ’
964 4066 994 4136 Ε
1041 4094 1171 4173 grant,
1206 4091 1247 4152 ut
1274 4078 1522 4177 perturbentur
1549 4076 1741 4177 petitiones
1767 4101 1815 4152 ac-

165 4207 249 4255 nunc
271 4178 397 4250 noviter
417 4175 585 4248 exeolitur.
612 4171 678 4247 Usu
703 4172 783 4249 lunt
804 4171 844 4249 dt
868 4201 930 4248 ve-

123 4302 128 4323 ·
163 4302 255 4358 teres
281 4280 324 4356 ad
351 4276 558 4380 deignanda
583 4300 725 4349 nemora
749 4301 837 4348 voce
863 4282 929 4348 Fo-

162 4386 270 4474 rella,
298 4407 404 4481 quam
441 4378 550 4455 etiam
577 4374 808 4452 Germanicae
838 4377 930 4453 Lin-

164 4507 251 4579 guae
277 4511 341 4558 nos
367 4484 490 4558 debere
517 4480 625 4555 multi
651 4477 863 4580 opinantur:
891 4481 927 4553 δι

31 4594 33 4599 ”
163 4581 285 4672 Basca,
318 4584 414 4681 quod
451 4583 662 4658 vocabulum
688 4579 802 4655 nobis
837 4584 927 4656 Ger-

162 4677 295 4753 mania·
309 4681 428 4769 dedit,
452 4710 542 4779 quae
567 4686 710 4779 Sylvam
734 4682 840 4778 Bulcb
858 4710 928 4784 -ap-

162 4780 302 4885 pellat,
328 4780 496 4876 deditque
521 4783 694 4873 Francis,
720 4786 811 4882 apud
838 4810 930 4883 quos⁴

160 4890 229 4962 Bor
251 4881 414 4958 autuois
429 4878 534 4955 ,idem
558 4878 751 4980 fignificat.
778 4889 927 4958 Brolium

161 5010 303 5089 quoque
325 4984 364 5066 δι
384 4979 531 5068 Bttilvn
553 5000 688 5087 veteres
706 4984 832 5076 ,dixere
858 4983 927 5073 sals

1042 4176 1196 4252 ambitus
1223 4177 1350 4267 unius,
1370 4178 1549 4274 juventur·
1566 4176 1731 4253 alterius.
1756 4180 1808 4255 Et

1043 4274 1121 4354 lane
1157 4285 1228 4352 Far
1252 4279 1379 4377 Brojo,
1415 4278 1484 4361 live
1516 4281 1678 4376 Broglio,
1711 4277 1807 4357 idem

1041 4377 1240 4474 exprimit,
1278 4408 1404 4480 nempe
1440 4381 1638 4458 consultare
1671 4379 1718 4465 dc,
1750 4406 1810 4455 ra·

1041 4477 1200 4554 tionibus
1219 4483 1430 4558 excludendi
1458 4510 1578 4581 parum
1598 4483 1726 4582 dignos
1746 4498 1811 4559 aut

1042 4577 1241 4672 inimicos,
1279 4587 1313 4656 ἃ
1359 4585 1590 4683 promovendi
1627 4583 1814 4686 digniores

1039 4681 1073 4753 δι
1102 4681 1259 4754 amicos.
1297 4683 1390 4757 Vide
1417 4684 1623 4779 lmbrogliare
1655 4688 1694 4761 in
1725 4685 1812 4761 Dis·

1040 4779 1229 4856 sectatione
1258 4787 1426 4863 xxxin.
1463 4792 1503 4858 de
1537 4789 1665 4888 origia.
1695 4793 1817 4871 Vocant

1040 4881 1245 4962 Italicarum.
1272 4888 1433 4959 Maeciam
1457 4913 1599 4987 quoque
1623 4890 1738 4987 Apuli
1768 4914 1810 4964 ac

1041 4982 1196 5076 Rotnani
1231 4985 1321 5071 olim
1358 4986 1494 5070 Silvam
1530 4991 1707 5165 tuinorerpl
1745 5017 1820 5094 ψ.

1636 5114 1679 5190 pe
1711 5115 1750 5165 a·
